Name,Price,Grammage,IsOffer,Category,Price (EUR/ Kg),net_carbs,sugar,fiber,saturated_fat,protein,energy,carbohydrates,sodium,calcium,monounsaturated_fat,vitamin_c,cholesterol,fat,iron,polyunsaturated_fat,potassium,vitamin_a,grams,trans_fat,energy (kcal),Search Result Name,Search Result Brand,vitamin_d,sugar_alcohols,added_sugars
Cherry Romatomaten 250g,"1,09 €","250g (1 kg = 4,36 €)",True,Angebote,4.36,2.8,0.0,0.0,0.0,0.8,"{'unit': 'calories', 'value': 15.0}",2.8,0.0,0.0,0.0,0.0,0.0,0.1,0.0,0.0,0.0,0.0,1.0,0.0,15.0,Cherry Romatomaten,Penny,,,
Kartoffeln Drillinge festkochend 1kg,"2,19 €",1kg,True,Angebote,2.19,15.0,0.0,1.2,0.0,1.9,"{'unit': 'calories', 'value': 73.0}",16.2,0.0,0.0,0.0,0.0,0.0,0.0,0.0,0.0,0.0,0.0,1.0,0.0,73.0,Kartoffeln festkochend,Kartoffeln,,,
Birne grün 1kg,"2,19 €",1kg,True,Angebote,2.19,49.6,0.0,11.2,0.0,2.0,"{'unit': 'calories', 'value': 208.0}",60.8,0.0,0.0,0.0,0.0,0.0,1.2,0.0,0.0,0.0,0.0,1.0,0.0,208.0,"Birne, Grün",Fresh Germany,,,
Hitschler Fruchtgummi Bunte Drachenzungen...,"0,99 €","125g (1 kg = 7,92 €)",True,Angebote,7.92,82.0,0.0,0.0,1.2,2.3,"{'unit': 'calories', 'value': 369.0}",82.0,0.0,0.0,0.0,0.0,0.0,2.2,0.0,0.0,0.0,0.0,1.0,0.0,369.0,Saurer Fruchtgummi,Hitschler Bunte Drachenzungen,,,
Meggle Kräuterbutter portioniert 5x20g,"1,69 €","5x20g (1 kg = 16,90 €)",True,Angebote,16.9,3.3,2.4,,40.0,1.2,"{'unit': 'calories', 'value': 578.0}",3.3,827.0,,,,,62.0,,,,,1.0,,578.0,Kräuterbutter,Meggle,,,
Meggle Klassik Baguette Kräuter-Butter 160g,"1,39 €","160g (1 kg = 8,69 €)",True,Angebote,8.69,38.0,2.6,,8.2,7.0,"{'unit': 'calories', 'value': 302.0}",38.0,1400.0,,,,,13.0,,,,,1.0,,302.0,Klassik Baguette (Kräuter-Butter),Meggle,,,
REWE Bio Original Nürnberger...,"2,99 €","160g (1 kg = 18,69 €)",True,Angebote,18.69,0.2,0.2,0.0,2.4,2.8,"{'unit': 'calories', 'value': 70.0}",0.2,186.0,0.0,0.0,0.0,0.0,6.4,0.0,0.0,57.0,0.0,1.0,0.0,70.0,Original Nürnberger Rostbratwürstchen,Bratwurst Nürnberger Rewe Bio,,,
REWE Bio Naturland Bergkäse 50% 200g,"2,49 €","200g (1 kg = 12,45 €)",True,Angebote,12.45,0.0,0.0,,26.0,28.0,"{'unit': 'calories', 'value': 418.0}",0.0,1600.0,,,,,34.0,,,,,1.0,,418.0,Bio Bergkäse,Naturland,,,
Bürger Vegane Maultaschen 300g,"1,89 €","300g (1 kg = 6,30 €)",True,Angebote,6.3,28.9,3.1,3.3,0.2,7.8,"{'unit': 'calories', 'value': 172.0}",32.199999999999996,480.0,0.0,0.0,0.0,0.0,2.1,0.0,0.0,0.0,0.0,1.0,0.0,172.0,Maultaschen,Bürger Maultaschen Vegan,,,
REWE Bio Stremellachs Natur 100g,"3,69 €","100g (1 kg = 36,90 €)",True,Angebote,36.9,0.5,,,2.9,23.2,"{'unit': 'calories', 'value': 214.0}",0.5,1.45,,,,,13.2,,,,,1.0,,214.0,Stremellachs Natur,REWE Bio,,,
Alpenhain Obazda 125g,"1,49 €","125g (1 kg = 11,92 €)",True,Angebote,11.92,3.0,1.5,,19.0,13.0,"{'unit': 'calories', 'value': 328.0}",3.0,680.0,,,,,29.0,,,,,1.0,,328.0,Obazda,Alpenhain Obazda,,,
Meggle Laugenbaguette Kräuterbutter 160g,"1,59 €","160g (1 kg = 9,94 €)",True,Angebote,9.94,35.0,3.6,0.0,9.6,6.3,"{'unit': 'calories', 'value': 308.0}",35.0,0.0,0.0,0.0,0.0,0.0,15.0,0.0,0.0,0.0,0.0,1.0,0.0,308.0,Laugenbaguette Kräuterbutter,Meggle,,,
Gutfried Hähnchenfleischwurst...,"2,99 €","350g (1 kg = 8,54 €)",True,Angebote,8.54,0.5,0.5,,6.0,13.0,"{'unit': 'calories', 'value': 234.0}",0.5,2200.0,,,,,20.0,,,,,1.0,,234.0,Hähnchenfleischwurst,Gutfried,,,
REWE Bio Streichgut ungesalzen 200g,"1,59 €","200g (1 kg = 7,95 €)",True,Angebote,7.95,0.5,0.5,,35.6,0.4,"{'unit': 'calories', 'value': 589.0}",0.5,20.0,,,,,65.0,,,,,1.0,,589.0,Streichgut ungesalzen,ja!,,,
WC Frisch Kraft-Aktiv Blau Blütenfrische 50g,"1,69 €","50g (1 kg = 33,80 €)",True,Angebote,33.8,3.0,,,,0.5,"{'unit': 'calories', 'value': 0.5}",3.0,1.0,0.2,,0.5,,0.2,,,,,1.0,,1.0,Blau Kraft Aktiv,WC Frisch,,,
REWE Bio Rostbratwurst 200g,"3,19 €","200g (1 kg = 15,95 €)",True,Angebote,15.95,1.0,0.5,0.0,12.0,15.0,"{'unit': 'calories', 'value': 282.0}",1.0,0.0,0.0,0.0,0.0,0.0,24.0,0.0,0.0,0.0,0.0,1.0,0.0,282.0,Rostbratwurst,Bio Rewe,,,
Meggle Klassik Baguette Knoblauch-Butter 160g,"1,39 €","160g (1 kg = 8,69 €)",True,Angebote,8.69,38.0,,,,7.0,"{'unit': 'calories', 'value': 302.0}",38.0,,,,,,13.0,,,,,1.0,,302.0,Klassik Baguett Knoblauch,Meggle,,,
Hitschler Fruchtgummi-Schnüre 4 Farben 125g,"0,99 €","125g (1 kg = 7,92 €)",True,Angebote,7.92,78.0,,,,3.0,"{'unit': 'calories', 'value': 355.0}",78.0,,,,,,3.0,,,,,1.0,,355.0,Erdbeer Schnüre Fruchtgummi,Hitschler,,,
Züger Bio Mozzarella Herzen 130g,"1,69 €",130g (1 kg = 13 €),True,Angebote,13.0,1.0,1.0,0.0,12.3,18.9,"{'unit': 'calories', 'value': 246.0}",1.0,0.6,0.0,0.0,0.0,0.0,18.5,0.0,0.0,0.0,0.0,1.0,0.0,246.0,Mozzarella Bio,Züger,,,
Rama Streichfett Sooo Buttrig! ungesalzen 225g,"1,39 €","225g (1 kg = 6,18 €)",True,Angebote,6.18,0.5,,,45.0,0.5,"{'unit': 'calories', 'value': 713.0}",0.5,,,,,,79.0,,,,,1.0,,713.0,Sooo Buttrig,Rama,,,
"REWE Bio + vegan Streichcreme Paprika,...","1,19 €","180g (1 kg = 6,61 €)",True,Angebote,6.61,4.3,4.0,0.0,0.0,7.0,"{'unit': 'calories', 'value': 335.0}",4.3,1.0,0.0,0.0,0.0,0.0,34.0,0.0,0.0,0.0,0.0,1.0,0.0,335.0,vegane Streichcreme,,,,
REWE Bio Rote Bete gekocht 500g,"1,45 €","500g (1 kg = 2,90 €)",True,Angebote,2.9,4.6,4.6,,0.0,1.2,"{'unit': 'calories', 'value': 30.0}",4.6,,,,,,0.1,,,,,1.0,,30.0,"Rote Bete geschält, gekocht",Rewe Bio,,,
Popp Feinster Fleischsalat 200g,"1,29 €","200g (1 kg = 6,45 €)",True,Angebote,6.45,6.0,4.2,,6.1,4.8,"{'unit': 'calories', 'value': 304.0}",6.0,1.5,,,,,29.0,,,,,1.0,,304.0,popp,Feinster Fleischsalat,,,
REWE Feine Welt Trüffel Salami 80g,"3,19 €","80g (1 kg = 39,88 €)",True,Angebote,39.88,0.5,0.5,,10.4,26.0,"{'unit': 'calories', 'value': 372.0}",0.5,4.5,,,,,29.5,,,,,1.0,,372.0,Salami Trüffel,Rewe feine Welt,,,
REWE Bio Geflügelbratwurst 160g,"2,99 €","160g (1 kg = 18,69 €)",True,Angebote,18.69,1.0,1.0,,7.0,15.0,"{'unit': 'calories', 'value': 235.0}",1.0,,,,,,19.0,,,,,1.0,,235.0,Bio Geflügelbratwurst,Rewe,,,
Beyond Meat Sausage vegan 200g,"3,99 €","200g (1 kg = 19,95 €)",False,Grillsaison,19.95,3.0,0.0,2.0,9.0,19.0,"{'unit': 'calories', 'value': 270.0}",5.0,420.0,3.0,0.0,1.0,0.0,20.0,31.0,0.0,9.0,0.0,1.0,0.1,270.0,vegan sausage,beyond meat,0.0,0.0,0.0
Meggle Kräuterbutter portioniert 5x20g,"1,69 €","5x20g (1 kg = 16,90 €)",True,Grillsaison,16.9,3.3,2.4,,40.0,1.2,"{'unit': 'calories', 'value': 578.0}",3.3,827.0,,,,,62.0,,,,,1.0,,578.0,Kräuterbutter,Meggle,,,
Knorr Salatkrönung Gartenkräuter Dressing...,"1,49 €","40g (1 kg = 37,25 €)",False,Grillsaison,37.25,0.0,6.0,0.0,0.0,0.0,"{'unit': 'calories', 'value': 30.0}",0.0,0.0,0.0,0.0,0.0,0.0,0.0,0.0,0.0,0.0,0.0,1.0,0.0,30.0,Salatkrönung Gartenkräuter,Knorr,,,
Beyond Meat Beyond Burger vegan 226g,"3,99 €","226g (1 kg = 17,65 €)",False,Grillsaison,17.65,5.0,0.0,2.0,5.0,20.0,"{'unit': 'calories', 'value': 230.0}",7.0,390.0,10.0,6.0,,0.0,14.0,22.2222,3.0,330.0,,113.0,,230.0,Beyond Burger,Beyond Meat,0.0,,0.0
REWE Bio Zuckermais vakuumiert 400g,"2,49 €","400g (1 kg = 6,23 €)",False,Grillsaison,6.23,17.0,6.6,4.0,0.4,3.5,"{'unit': 'calories', 'value': 104.0}",21.0,,,,,,1.7,,,,,1.0,,104.0,Zuckermais vakuumiert,Rewe Beste Wahl,,,
"Kartoffeln vorwiegend festkochend 2,5kg","2,99 €","2,50kg (1 kg = 1,20 €)",False,Grillsaison,1.2,370.0,0.0,0.0,0.0,2.0,"{'unit': 'calories', 'value': 71.0}",370.0,0.0,0.0,0.0,0.0,0.0,2.5,0.0,0.0,0.0,0.0,1.0,0.0,71.0,Kartoffeln vorwiegend festkochend,Netto,,,
Champignons weiß 400g,"2,19 €","400g (1 kg = 5,48 €)",False,Grillsaison,5.48,0.6,,,,2.7,"{'unit': 'calories', 'value': 20.0}",0.6,,,,,,0.3,,,,,1.0,,20.0,Weiß,Champignons,,,
Marka Hellas Halloumi 225g,"2,99 €","225g (1 kg = 13,29 €)",False,Grillsaison,13.29,1.2,1.2,,18.2,21.6,"{'unit': 'calories', 'value': 334.0}",1.2,2800.0,,,,,26.4,,,,,1.0,,334.0,Halloumi,Marka Hellas,,,
Meggle Klassik Baguette Kräuter-Butter 160g,"1,39 €","160g (1 kg = 8,69 €)",True,Grillsaison,8.69,38.0,2.6,,8.2,7.0,"{'unit': 'calories', 'value': 302.0}",38.0,1400.0,,,,,13.0,,,,,1.0,,302.0,Klassik Baguette (Kräuter-Butter),Meggle,,,
REWE Bio Original Nürnberger...,"2,99 €","160g (1 kg = 18,69 €)",True,Grillsaison,18.69,0.2,0.2,0.0,2.4,2.8,"{'unit': 'calories', 'value': 70.0}",0.2,186.0,0.0,0.0,0.0,0.0,6.4,0.0,0.0,57.0,0.0,1.0,0.0,70.0,Original Nürnberger Rostbratwürstchen,Bratwurst Nürnberger Rewe Bio,,,
Marka Hellas Feta 200g,"2,19 €","200g (1 kg = 10,95 €)",False,Grillsaison,10.95,1.2,1.2,,18.2,21.6,"{'unit': 'calories', 'value': 334.0}",1.2,2800.0,,,,,26.4,,,,,1.0,,334.0,Halloumi,Marka Hellas,,,
REWE Bio Feta 200g,"2,79 €","200g (1 kg = 13,95 €)",False,Grillsaison,13.95,1.0,1.0,,16.0,16.0,"{'unit': 'calories', 'value': 275.0}",1.0,2.5,,,,,23.0,,,,,1.0,,275.0,Feta,Rewe Bio Feta,,,
Butcher's Burger Brioche Burger Buns 4 Stück,"1,69 €","250g (1 kg = 6,76 €)",False,Grillsaison,6.76,47.0,8.7,,3.5,9.0,"{'unit': 'calories', 'value': 296.0}",47.0,1100.0,,,,,7.2,,,,,1.0,,296.0,Burger Buns Brioche,Butcher's Burger,,,
Meggle Laugenbaguette Kräuterbutter 160g,"1,59 €","160g (1 kg = 9,94 €)",True,Grillsaison,9.94,35.0,3.6,0.0,9.6,6.3,"{'unit': 'calories', 'value': 308.0}",35.0,0.0,0.0,0.0,0.0,0.0,15.0,0.0,0.0,0.0,0.0,1.0,0.0,308.0,Laugenbaguette Kräuterbutter,Meggle,,,
Milram Frühlingsquark 185g,"1,49 €","185g (1 kg = 8,05 €)",False,Grillsaison,8.05,8.0,,,,17.5,"{'unit': 'calories', 'value': 146.0}",8.0,,,,,,7.4,,,,,1.0,,146.0,"Frühlingsquark leicht 185g ,,1 Tasse""",,,,
Butcher's Burger Sesam Burger Buns 4 Stück,"1,19 €","300g (1 kg = 3,97 €)",False,Grillsaison,3.97,50.8,6.6,3.2,0.5,9.0,"{'unit': 'calories', 'value': 293.0}",54.0,0.98,,,,,5.3,,,,,1.0,,293.0,Sesam Burger Buns,Butcher's Burger,,,
REWE Bio Hirtenkäse 45% 200g,"1,79 €","200g (1 kg = 8,95 €)",False,Grillsaison,8.95,0.6,,,13.0,17.0,"{'unit': 'calories', 'value': 254.0}",0.6,,,,,,20.0,,,,,1.0,,254.0,Hirtenkäse 45%,Rewe Bio,,,
REWE Bio Blattsalat Mix 125g,"1,69 €","125g (1 kg = 13,52 €)",False,Grillsaison,13.52,20.0,,,,2.5,"{'unit': 'calories', 'value': 89.0}",20.0,,,,,,1.2,,,,,1.0,,89.0,Kumquat 125g,Rewe Bio,,,
Barilla Penne Rigate Nr.73 500g,"2,09 €","500g (1 kg = 4,18 €)",False,Grillsaison,4.18,72.2,0.4,,0.2,12.0,"{'unit': 'calories', 'value': 350.0}",72.2,,,,,,1.5,,,,,1.0,,350.0,Penne Rigate No.73,Barilla,,,
REWE Bio Rostbratwurst 200g,"3,19 €","200g (1 kg = 15,95 €)",True,Grillsaison,15.95,1.0,0.5,0.0,12.0,15.0,"{'unit': 'calories', 'value': 282.0}",1.0,0.0,0.0,0.0,0.0,0.0,24.0,0.0,0.0,0.0,0.0,1.0,0.0,282.0,Rostbratwurst,Bio Rewe,,,
Meggle Klassik Baguette Knoblauch-Butter 160g,"1,39 €","160g (1 kg = 8,69 €)",True,Grillsaison,8.69,38.0,,,,7.0,"{'unit': 'calories', 'value': 302.0}",38.0,,,,,,13.0,,,,,1.0,,302.0,Klassik Baguett Knoblauch,Meggle,,,
Barilla Fusilli Nr.98 500g,"2,09 €","500g (1 kg = 4,18 €)",False,Grillsaison,4.18,71.7,3.5,3.0,0.3,12.5,"{'unit': 'calories', 'value': 356.0}",74.7,,,,,,1.5,,,,,1.0,,356.0,Fussili (Nr. 98),Barilla,,,
REWE Beste Wahl Himbeer-Heidelbeer-Mi...,"1,99 €","300g (1 kg = 6,63 €)",False,Grillsaison,6.63,,,,,,,,,,,,,,,,,,,,,,,,,
Züger Bio Mozzarella Herzen 130g,"1,69 €",130g (1 kg = 13 €),True,Grillsaison,13.0,1.0,1.0,0.0,12.3,18.9,"{'unit': 'calories', 'value': 246.0}",1.0,0.6,0.0,0.0,0.0,0.0,18.5,0.0,0.0,0.0,0.0,1.0,0.0,246.0,Mozzarella Bio,Züger,,,
REWE Bio + vegan Tofu Natur 2x200g,"2,19 €","2x200g (1 kg = 5,48 €)",False,Grillsaison,5.48,1.8,0.5,,1.0,13.0,"{'unit': 'calories', 'value': 129.0}",1.8,,,,,,7.5,,,,,1.0,,129.0,Bio Tofu (Natur | aus Bio-Sojabohnen) [2x200g],REWE Bio+vegan,,,
Hochland Sandwich Scheiben Gouda 150g,"2,49 €","150g (1 kg = 16,60 €)",False,Grillsaison,16.6,3.0,0.0,0.0,0.0,19.0,"{'unit': 'calories', 'value': 340.0}",3.0,0.0,0.0,0.0,0.0,0.0,28.0,0.0,0.0,0.0,0.0,1.0,0.0,340.0,Sandwich-Scheiben Gouda,Hochland,,,
Patros Natur 180g,"2,99 €","180g (1 kg = 16,61 €)",False,Grillsaison,16.61,0.7,0.7,0.0,16.0,15.0,"{'unit': 'calories', 'value': 282.0}",0.7,1080.0,0.0,0.0,0.0,0.0,24.0,0.0,0.0,0.0,0.0,1.0,0.0,282.0,Natur,Patros,,,
REWE Beste Wahl Kartoffelsalat mit Essig...,"1,69 €","400g (1 kg = 4,23 €)",False,Grillsaison,4.23,15.0,4.6,,0.5,1.6,"{'unit': 'calories', 'value': 122.0}",15.0,,,,,,5.8,,,,,1.0,,122.0,Kartoffelsalat mit Essig & Öl,REWE Beste Wahl,,,
Ibis Steinofen Baguette 250g,"1,49 €","250g (1 kg = 5,96 €)",False,Grillsaison,5.96,50.8,3.7,0.0,0.2,8.3,"{'unit': 'calories', 'value': 249.0}",50.8,1.38,0.0,0.0,0.0,0.0,0.9,0.0,0.0,0.0,0.0,1.0,0.0,249.0,Steinofen Baguette,IBIS,,,
REWE Bio Geflügelbratwurst 160g,"2,99 €","160g (1 kg = 18,69 €)",True,Grillsaison,18.69,1.0,1.0,,7.0,15.0,"{'unit': 'calories', 'value': 235.0}",1.0,,,,,,19.0,,,,,1.0,,235.0,Bio Geflügelbratwurst,Rewe,,,
"Iglo Green Cuisine ""Chicken"" Dinos vegan...","3,39 €","250g (1 kg = 13,56 €)",False,Vegane Vielfalt,13.56,24.0,0.5,6.0,1.2,11.0,"{'unit': 'calories', 'value': 305.0}",30.0,,,,,,17.0,,,,,1.0,,305.0,Vegane dinos,Iglo Veggie Dinos,,,
REWE Bio zarte Haferflocken 500g,"0,89 €","500g (1 kg = 1,78 €)",False,Vegane Vielfalt,1.78,57.0,0.7,9.5,1.3,12.5,"{'unit': 'calories', 'value': 360.0}",66.5,10.0,,,,,7.0,,,,,1.0,,360.0,Haferflocken (Zart) 500g,Rewe Ja!,,,
Beyond Meat Beyond Hack vegan 300g,"3,99 €","300g (1 kg = 13,30 €)",False,Vegane Vielfalt,13.3,5.6,,,5.6,17.0,"{'unit': 'calories', 'value': 252.0}",5.6,,,,,,19.0,,,,,1.0,,252.0,Vegan,Beyond meat,,,
Iglo Green Cuisine Gemüsestäbchen vegan...,"3,29 €","426g (1 kg = 7,72 €)",False,Vegane Vielfalt,7.72,,,,,,,,,,,,,,,,,,,,,,,,,
The Vegetarian Butcher Chick-Eria Filets vegan...,"3,49 €","180g (1 kg = 19,39 €)",False,Vegane Vielfalt,19.39,0.0,0.0,0.0,0.0,16.0,"{'unit': 'calories', 'value': 150.0}",0.0,,,,,,0.0,,,,,1.0,,150.0,Chick-Eria Filets,The Vegetarian Butcher,,,
Hitschler Fruchtgummi Bunte Drachenzungen...,"0,99 €","125g (1 kg = 7,92 €)",True,Vegane Vielfalt,7.92,82.0,0.0,0.0,1.2,2.3,"{'unit': 'calories', 'value': 369.0}",82.0,0.0,0.0,0.0,0.0,0.0,2.2,0.0,0.0,0.0,0.0,1.0,0.0,369.0,Saurer Fruchtgummi,Hitschler Bunte Drachenzungen,,,
Alpro Skyr-Alternative Ohne Zucker vegan 400g,"1,99 €","400g (1 kg = 4,98 €)",False,Vegane Vielfalt,4.98,0.0,,1.3,0.6,5.8,"{'unit': 'calories', 'value': 61.0}",1.3,,,,,,3.3,,,,,1.0,,61.0,Skyr-Alternative ohne Zucker,Alpro,,,
REWE Bio Kichererbsen 215g,"0,85 €","215g (1 kg = 3,95 €)",False,Vegane Vielfalt,3.95,14.0,0.4,0.0,0.4,6.5,"{'unit': 'calories', 'value': 120.0}",14.0,0.1,0.0,0.0,0.0,0.0,2.7,0.0,0.0,0.0,0.0,1.0,0.0,120.0,Kichererbsen,REWE Bio,,,
Bürger Vegane Maultaschen 300g,"1,89 €","300g (1 kg = 6,30 €)",True,Vegane Vielfalt,6.3,28.9,3.1,3.3,0.2,7.8,"{'unit': 'calories', 'value': 172.0}",32.199999999999996,480.0,0.0,0.0,0.0,0.0,2.1,0.0,0.0,0.0,0.0,1.0,0.0,172.0,Maultaschen,Bürger Maultaschen Vegan,,,
Kölln Flocken blütenzart 500g,"1,69 €","500g (1 kg = 3,38 €)",False,Vegane Vielfalt,3.38,55.8,1.2,11.1,1.3,13.8,"{'unit': 'calories', 'value': 361.0}",66.89999999999999,0.0,0.0,0.0,0.0,0.0,6.7,0.0,0.0,0.0,0.0,1.0,0.0,4.0,Blütenzart,Kölln Flocken,,,
Leicht&Cross Knusperbrot Vollkorn...,"1,39 €","125g (1 kg = 11,12 €)",False,Vegane Vielfalt,11.12,18.0,0.0,0.0,0.13,2.9,"{'unit': 'calories', 'value': 96.0}",18.0,0.0,0.0,0.0,0.0,0.0,0.7,0.0,0.0,0.0,0.0,1.0,0.0,96.0,Knusperbrot Vollkorn,Leicht &  Cross,,,
REWE Bio + vegan Tofu Natur 2x200g,"2,19 €","2x200g (1 kg = 5,48 €)",False,Vegane Vielfalt,5.48,,,,,,,,,,,,,,,,,,,,,,,,,
Lotus Biscoff Kekse 250g,"1,79 €","250g (1 kg = 7,16 €)",False,Vegane Vielfalt,7.16,5.7,3.0,,0.6,0.4,"{'unit': 'calories', 'value': 38.0}",5.7,,,,,,1.5,,,,,1.0,,38.0,Biscoff Kekse,Lotus,,,
"REWE Bio + vegan Streichcreme Paprika,...","1,19 €","180g (1 kg = 6,61 €)",True,Vegane Vielfalt,6.61,4.3,4.0,0.0,0.0,7.0,"{'unit': 'calories', 'value': 335.0}",4.3,1.0,0.0,0.0,0.0,0.0,34.0,0.0,0.0,0.0,0.0,1.0,0.0,335.0,vegane Streichcreme,,,,
Rügenwalder Mühle Veganer Schinken...,"1,59 €","80g (1 kg = 19,88 €)",False,Vegane Vielfalt,19.88,3.1,1.5,8.0,0.7,2.2,"{'unit': 'calories', 'value': 118.0}",11.1,,,5.7,,,9.0,,2.6,,,1.0,,118.0,Veganer Schinken Spicker,Rügenwalder Mühle,,,
Tante Fanny Frischer Flammkuchenteig 260g,"1,79 €","260g (1 kg = 6,88 €)",False,Vegane Vielfalt,6.88,48.0,2.9,1.6,1.8,7.8,"{'unit': 'calories', 'value': 262.0}",49.6,880.0,,0.0,,0.0,4.0,,0.0,0.0,,1.0,0.0,262.0,Frischer Flammkuchenteig,Tante Fanny,,,
REWE Beste Wahl 10 Mini Frühlingsrollen...,"2,59 €","280g (1 kg = 9,25 €)",False,Vegane Vielfalt,9.25,30.7,0.0,0.0,1.2,2.8,"{'unit': 'calories', 'value': 259.0}",30.7,800.0,0.0,0.0,0.0,0.0,13.5,0.0,0.0,0.0,0.0,1.0,0.0,259.0,Mini Frühlingsrollen,Rewe Beste Wahl,,,
REWE Bio Creamy Erdnussbutter 250g,"1,99 €","250g (1 kg = 7,96 €)",False,Vegane Vielfalt,7.96,12.4,7.1,,14.1,25.9,"{'unit': 'calories', 'value': 631.0}",12.4,510.0,,,,,51.8,,,,,1.0,,631.0,Creamy Erdnussbutter,REWE Bio,,,
Rügenwalder Mühle Schinken Spicker Salat...,"1,99 €","150g (1 kg = 13,27 €)",False,Vegane Vielfalt,13.27,0.0,,,,0.0,"{'unit': 'calories', 'value': 224.0}",0.0,,,,,,22.0,,,,,1.0,,224.0,Schinken Spicker Salat,Rügenwalder Mühle,,,
Rama Margarine Der Klassiker 400g,"1,99 €","400g (1 kg = 4,98 €)",False,Vegane Vielfalt,4.98,0.1,0.1,0.0,2.1,0.1,"{'unit': 'calories', 'value': 65.0}",0.1,0.01,0.0,3.3,0.0,0.0,7.0,0.0,1.6,0.0,10.0,1.0,0.0,65.0,Rama,Margarine,,,
REWE Bio Fruchtaufstrich Erdbeere 250g,"1,99 €","250g (1 kg = 7,96 €)",False,Vegane Vielfalt,7.96,37.0,37.0,,0.1,0.7,"{'unit': 'calories', 'value': 161.0}",37.0,0.03,,,,,0.5,,,,,1.0,,161.0,Fruchtaufstrich Erdbeere,Rewe Bio,,,
REWE Bio Aufstrich Mango-Papaya-Curry...,"1,19 €","180g (1 kg = 6,61 €)",True,Vegane Vielfalt,6.61,,,,,,,,,,,,,,,,,,,,,,,,,
Tukan Bio Tofufilets Classic vegan 160g,"2,39 €","160g (1 kg = 14,94 €)",True,Vegane Vielfalt,14.94,2.7,0.3,0.0,2.5,18.5,"{'unit': 'calories', 'value': 205.0}",2.7,1500.0,0.0,0.0,0.0,0.0,13.0,0.0,0.0,0.0,0.0,1.0,0.0,205.0,Tofufilets Classic,Tukan,,,
Alpro Joghurtalternative Soja Heidelbeere 400g,"1,99 €","400g (1 kg = 4,98 €)",False,Vegane Vielfalt,4.98,14.0,9.4,2.0,0.0,5.0,"{'unit': 'calories', 'value': 110.0}",16.0,126.0,180.0,1.0,0.0,0.0,3.0,0.0,2.0,0.0,0.0,1.0,0.0,110.0,Soja Joghurtalternative Heidelbeere,Alpro,,,
Bonduelle Kichererbsen 265g,"1,79 €","265g (1 kg = 6,75 €)",False,Vegane Vielfalt,6.75,14.7,0.0,7.7,0.2,6.4,"{'unit': 'calories', 'value': 120.0}",22.4,240.0,10.0,0.2,6.0,0.0,2.2,34.0,1.8,875.0,1.0,1.0,0.0,120.0,Kichererbsen,Bonduelle,,,
Dr. Oetker Creme Vega 150g,"1,29 €","150g (1 kg = 8,60 €)",False,Vegane Vielfalt,8.6,1.7,1.4,0.0,27.0,2.3,"{'unit': 'calories', 'value': 287.0}",1.7,210.0,0.0,0.0,0.0,0.0,30.0,0.0,0.0,0.0,0.0,1.0,0.0,287.0,Creme Vega,Dr. Oetker,,,
Rama Streichfett Sooo Buttrig! mit Vitamin B1...,"1,39 €","225g (1 kg = 6,18 €)",True,Vegane Vielfalt,6.18,0.5,,,45.0,0.5,"{'unit': 'calories', 'value': 713.0}",0.5,,,,,,79.0,,,,,1.0,,713.0,Sooo Buttrig,Rama,,,
Alsan Bio-Margarine 250g,"1,79 €","250g (1 kg = 7,16 €)",False,Vegane Vielfalt,7.16,0.1,0.1,0.0,39.0,0.1,"{'unit': 'calories', 'value': 720.0}",0.1,0.1,0.0,30.0,0.0,0.0,80.0,0.0,11.0,0.0,110.0,1.0,0.0,720.0,Margarine,Alsan Bio,,,
"REWE Bio + vegan Streichcreme Paprika,...","1,19 €","180g (1 kg = 6,61 €)",True,Vegane Vielfalt,6.61,4.3,4.0,0.0,0.0,7.0,"{'unit': 'calories', 'value': 335.0}",4.3,1.0,0.0,0.0,0.0,0.0,34.0,0.0,0.0,0.0,0.0,1.0,0.0,335.0,vegane Streichcreme,,,,
Ita-San Unsalted Edamame 400g,"2,39 €","400g (1 kg = 5,98 €)",False,Vegane Vielfalt,5.98,5.7,0.0,0.0,1.1,12.0,"{'unit': 'calories', 'value': 142.0}",5.7,0.0,0.0,0.0,0.0,0.0,6.7,0.0,0.0,0.0,0.0,1.0,0.0,142.0,"Edamame, Unsalted",Ita-san,,,
Tante Fanny Frischer Dinkel-Pizzateig 400g,"2,69 €","400g (1 kg = 6,73 €)",False,Vegane Vielfalt,6.73,176.0,,11.2,5.6,44.0,"{'unit': 'calories', 'value': 1112.0}",187.2,92.0,,,,,23.2,,,,,1.0,,1112.0,Frischer Dinkel Pizzateig,Tante Fanny,,,
REWE Bio + vegan Falafelbällchen 200g,"2,49 €","200g (1 kg = 12,45 €)",False,Vegane Vielfalt,12.45,34.2,,,,17.6,"{'unit': 'calories', 'value': 426.0}",34.2,,,,,,21.2,,,,,1.0,,426.0,Falafelbällchen vegan bio,Rewe,,,
Rügenwalder Mühle Veganer Hauchschnitt...,"1,59 €","70g (1 kg = 22,71 €)",False,Vegane Vielfalt,22.71,3.4,0.5,6.4,0.3,8.4,"{'unit': 'calories', 'value': 92.0}",9.8,,,2.3,,,3.6,,1.0,,,1.0,,92.0,veganer Hauchschnitt,Rügenwalder Mühle,,,
Cherry Romatomaten 250g,"1,09 €","250g (1 kg = 4,36 €)",True,International,4.36,2.8,0.0,0.0,0.0,0.8,"{'unit': 'calories', 'value': 15.0}",2.8,0.0,0.0,0.0,0.0,0.0,0.1,0.0,0.0,0.0,0.0,1.0,0.0,15.0,Cherry Romatomaten,Penny,,,
Arla Kaergarden Ungesalzen aus Butter...,"2,39 €","200g (1 kg = 11,95 €)",False,International,11.95,0.6,0.6,0.0,37.0,0.5,"{'unit': 'calories', 'value': 680.0}",0.6,3.9,0.0,0.0,0.0,0.0,75.0,0.0,0.0,0.0,0.0,1.0,0.0,680.0,Butter Ungesalzen,Arla Kærgarden,,,
Arla Kaergarden Gesalzen aus Butter &...,"2,39 €","200g (1 kg = 11,95 €)",False,International,11.95,0.6,0.0,0.0,37.0,0.5,"{'unit': 'calories', 'value': 679.0}",0.6,0.0,0.0,0.0,0.0,0.0,75.0,0.0,0.0,0.0,0.0,1.0,0.0,679.0,Butter gesalzen,Arla Kærgården,,,
REWE Bio Mini Cherry Rispentomaten 200g,"2,19 €","250g (1 kg = 8,76 €)",False,International,8.76,3.9,0.0,0.0,0.0,0.9,"{'unit': 'calories', 'value': 18.0}",3.9,0.0,0.0,0.0,0.0,0.0,0.2,0.0,0.0,0.0,0.0,1.0,0.0,18.0,Bio Rispentomaten,Rewe,,,
M&M's Peanut 250g,"3,99 €","250g (1 kg = 15,96 €)",False,International,15.96,16.0,14.0,1.0,3.0,3.0,"{'unit': 'calories', 'value': 140.0}",17.0,15.0,3.0,,,0.0,8.0,3.33333,,110.0,,28.0,0.0,140.0,Peanut M&M's,M&M's,0.0,,13.0
The Vegetarian Butcher Crispy Chickimicki...,"3,29 €","180g (1 kg = 18,28 €)",False,International,18.28,12.0,1.2,5.4,1.0,7.9,"{'unit': 'calories', 'value': 218.0}",17.4,433.071,,,,,14.0,15.0,,,,1.0,,218.0,Crispy Chickimicki Burger,The Vegetarian Butcher,,,
REWE Bio Mozzarella 125g,"1,19 €","125g (1 kg = 9,52 €)",False,International,9.52,20.0,,,,2.5,"{'unit': 'calories', 'value': 89.0}",20.0,,,,,,1.2,,,,,1.0,,89.0,Kumquat 125g,Rewe Bio,,,
REWE Bio Rispentomaten 500g,"2,89 €","500g (1 kg = 5,78 €)",False,International,5.78,3.9,0.0,0.0,0.0,0.9,"{'unit': 'calories', 'value': 18.0}",3.9,0.0,0.0,0.0,0.0,0.0,0.2,0.0,0.0,0.0,0.0,1.0,0.0,18.0,Bio Rispentomaten,Rewe,,,
Zitronen 500g im Netz,"0,99 €","500g (1 kg = 1,98 €)",False,International,1.98,0.4,0.2,0.0,2.3,19.3,"{'unit': 'calories', 'value': 165.0}",0.4,1.38,0.0,0.0,0.0,0.0,9.5,0.0,0.0,0.0,0.0,1.0,0.0,165.0,im Netz,Kalbsbraten,,,
REWE Bio Zuckermais vakuumiert 400g,"2,49 €","400g (1 kg = 6,23 €)",False,International,6.23,17.0,6.6,4.0,0.4,3.5,"{'unit': 'calories', 'value': 104.0}",21.0,,,,,,1.7,,,,,1.0,,104.0,Zuckermais vakuumiert,Rewe Beste Wahl,,,
Knoblauch 200g im Netz,"1,39 €","200g (1 kg = 6,95 €)",False,International,6.95,0.4,0.2,0.0,2.3,19.3,"{'unit': 'calories', 'value': 165.0}",0.4,1.38,0.0,0.0,0.0,0.0,9.5,0.0,0.0,0.0,0.0,1.0,0.0,165.0,im Netz,Kalbsbraten,,,
Elinas Joghurt Griechischer Art Natur...,"2,15 €","4x150g (1 kg = 3,58 €)",False,International,3.58,4.0,0.0,0.0,5.8,3.3,"{'unit': 'calories', 'value': 114.0}",4.0,0.0,0.0,0.0,0.0,0.0,9.4,0.0,0.0,0.0,0.0,1.0,0.0,114.0,Joghurt griechischer Art,Elinas,,,
REWE Feine Welt Burrata aus Apulien 250g,"1,89 €","100g (1 kg = 18,90 €)",False,International,18.9,2.0,2.0,,15.3,8.0,"{'unit': 'calories', 'value': 255.0}",2.0,54.0,,,,,23.9,,,,,1.0,,255.0,Burrata,Rewe Feine Welt,,,
Giovanni Ferrari Grana Padano gerieben 60g,"2,19 €","60g (1 kg = 36,50 €)",False,International,36.5,,0.0,0.0,18.0,33.0,"{'unit': 'calories', 'value': 398.0}",,1500.0,116.5,0.0,0.0,0.0,29.0,0.0,0.0,0.0,0.0,1.0,0.0,398.0,Grana Padano,Giovanni Ferrari,,,
Marca Italia Grana Padano Gerieben 150g,"2,49 €","150g (1 kg = 16,60 €)",False,International,16.6,0.0,0.0,0.0,18.0,33.0,"{'unit': 'calories', 'value': 398.0}",0.0,0.0,0.0,0.0,0.0,0.0,29.0,0.0,0.0,0.0,0.0,1.0,0.0,398.0,Grana Padano gerieben,Grana Padano,,,
Barilla Pastasauce Basilico 400g,"3,19 €","400g (1 kg = 7,98 €)",False,International,7.98,6.8,6.5,,,1.4,"{'unit': 'calories', 'value': 39.0}",6.8,,,,,,0.3,,,,,1.0,,39.0,Pastasauce Basilico,Norma,,,
REWE Bio Kichererbsen 215g,"0,85 €","215g (1 kg = 3,95 €)",False,International,3.95,14.0,0.4,0.0,0.4,6.5,"{'unit': 'calories', 'value': 120.0}",14.0,0.1,0.0,0.0,0.0,0.0,2.7,0.0,0.0,0.0,0.0,1.0,0.0,120.0,Kichererbsen,REWE Bio,,,
Marca Italia Grana Padano 16 Monate 200g,"3,29 €","200g (1 kg = 16,45 €)",False,International,16.45,0.0,0.0,,18.0,33.0,"{'unit': 'calories', 'value': 398.0}",0.0,1500.0,,,,,29.0,,,,,1.0,,398.0,16 Monate,Grana Padano DOP,,,
REWE Bio Mini Mozzarella 125g,"1,49 €","125g (1 kg = 11,92 €)",False,International,11.92,0.0,0.0,0.0,0.0,0.0,"{'unit': 'calories', 'value': 199.0}",0.0,0.0,0.0,0.0,0.0,0.0,0.0,0.0,0.0,0.0,0.0,1.0,0.0,199.0,125g Mozzarella Minis,125g Mozzarella Minis,,,
Barilla Pastasauce Arrabbiata 400g,"3,19 €","400g (1 kg = 7,98 €)",False,International,7.98,9.0,6.0,,0.2,2.0,"{'unit': 'calories', 'value': 63.0}",9.0,0.85,,,,,1.7,,,,,1.0,,63.0,Pastasauce Arrabbiata,GoÖko,,,
Marka Hellas Feta 200g,"2,19 €","200g (1 kg = 10,95 €)",False,International,10.95,1.2,1.2,,18.2,21.6,"{'unit': 'calories', 'value': 334.0}",1.2,2800.0,,,,,26.4,,,,,1.0,,334.0,Halloumi,Marka Hellas,,,
REWE Bio Feta 200g,"2,79 €","200g (1 kg = 13,95 €)",False,International,13.95,1.0,1.0,,16.0,16.0,"{'unit': 'calories', 'value': 275.0}",1.0,2.5,,,,,23.0,,,,,1.0,,275.0,Feta,Rewe Bio Feta,,,
Ponnath Prosciutto Cotto 150g,"2,99 €","150g (1 kg = 19,93 €)",False,International,19.93,1.0,0.8,,,20.0,"{'unit': 'calories', 'value': 107.0}",1.0,,,,,,2.5,,,,,1.0,,107.0,Prosciutto Cotto,Ponnath,,,
Ferrari Parmigiano Reggiano 60g,"2,19 €","60g (1 kg = 36,50 €)",False,International,36.5,0.0,,,18.0,33.0,"{'unit': 'calories', 'value': 398.0}",0.0,,,,,,29.0,,,,,1.0,,398.0,parmigiano REGGIANO,parmigiano REGGIANO ferrari,,,
REWE Bio Bacon-Würfel Schwein 80g,"1,59 €","80g (1 kg = 19,88 €)",False,International,19.88,1.0,1.0,,12.9,13.2,"{'unit': 'calories', 'value': 348.0}",1.0,1200.0,,,,,32.3,,,,,1.0,,348.0,Bacon-würfel,Rewe Bio,,,
Mini Pak Choi 300g,"2,19 €","300g (1 kg = 7,30 €)",False,International,7.3,1.3,0.0,0.0,0.0,1.0,"{'unit': 'calories', 'value': 12.0}",1.3,0.0,0.0,0.0,0.0,0.0,0.5,0.0,0.0,0.0,0.0,1.0,0.0,12.0,Real - Mini Pak çhoi,Mini Pak Choi - Real,,,
Galbani Mozzarella 125g,"1,99 €","125g (1 kg = 15,92 €)",False,International,15.92,2.0,1.0,1.0,13.0,17.0,"{'unit': 'calories', 'value': 238.0}",3.0,700.0,73.0,,,,18.0,1.0,,,3.0,1.0,,238.0,Mozzarella 125g,Galbani,,,
REWE Bio Parmigiano Reggiano 150g,"3,99 €","150g (1 kg = 26,60 €)",False,International,26.6,0.0,0.0,,20.0,32.0,"{'unit': 'calories', 'value': 402.0}",0.0,,,0.0,,,30.0,,0.0,,,1.0,0.0,402.0,Parmigiano Reggiano,Rewe Bio,,,
Marca Italia Parmigiano Reggiano 200g,"4,39 €","200g (1 kg = 21,95 €)",False,International,21.95,0.0,,,,32.0,"{'unit': 'calories', 'value': 403.0}",0.0,,,,,,30.0,,,,,1.0,,403.0,parmigiano reggiano gerieben,marca italia,,,
Butcher's Burger Sesam Burger Buns 4 Stück,"1,19 €","300g (1 kg = 3,97 €)",False,International,3.97,50.8,6.6,3.2,0.5,9.0,"{'unit': 'calories', 'value': 293.0}",54.0,0.98,,,,,5.3,,,,,1.0,,293.0,Sesam Burger Buns,Butcher's Burger,,,
Barilla Spaghetti Nr.5 500g,"2,09 €","500g (1 kg = 4,18 €)",False,International,4.18,71.0,3.0,3.0,0.0,12.0,"{'unit': 'calories', 'value': 356.0}",74.0,0.0,0.0,0.0,0.0,0.0,1.0,0.0,0.0,0.0,0.0,1.0,0.0,356.0,Spaghetti Nr. 5,Barilla,,,
REWE Bio Skyr Natur 400g,"1,39 €","400g (1 kg = 3,48 €)",False,International,3.48,3.5,3.5,,0.1,11.0,"{'unit': 'calories', 'value': 60.0}",3.5,,,,,,0.2,,,,,1.0,,60.0,Skyr,Rewe Bio Skyr Natur,,,
Kerrygold Cheddar Scheiben herzhaft 150g,"2,99 €","150g (1 kg = 19,93 €)",False,International,19.93,0.0,0.0,0.0,20.0,26.0,"{'unit': 'calories', 'value': 392.0}",0.0,1900.0,0.0,0.0,0.0,0.0,32.0,0.0,0.0,0.0,0.0,1.0,0.0,392.0,"Cheddar, Herzhaft (Scheiben)",Kerrygold,,,
REWE Beste Wahl Gnocchi 400g,"1,89 €","400g (1 kg = 4,73 €)",False,International,4.73,32.0,0.3,,0.3,3.3,"{'unit': 'calories', 'value': 149.0}",32.0,,,,,,0.6,,,,,1.0,,149.0,Gnocchi,Gnocchi Rewe Beste Wahl,,,
Barilla Pastasauce Napoletana 400g,"3,19 €","400g (1 kg = 7,98 €)",False,International,7.98,6.2,5.2,1.8,0.4,1.4,"{'unit': 'calories', 'value': 67.0}",8.0,960.0,,,,,3.7,,,,,1.0,,67.0,Napoletana 400g,Barilla,,,
Citterio Prosciutto di Parma 70g,"3,39 €","70g (1 kg = 48,43 €)",False,International,48.43,0.0,0.0,0.0,1.5,8.0,"{'unit': 'calories', 'value': 62.0}",0.0,520.0,0.0,,,20.0,3.5,2.0,,,,28.0,0.0,62.0,Prosciutto di Parma,Citterio,,,
Marca Italia Gorgonzola 200g,"2,59 €","200g (1 kg = 12,95 €)",False,International,12.95,3.2,3.2,,6.2,10.0,"{'unit': 'calories', 'value': 134.0}",3.2,,,,,,9.0,,,,,1.0,,134.0,Ricotta [250g],Marca Italia,,,
Barilla Penne Rigate Nr.73 500g,"2,09 €","500g (1 kg = 4,18 €)",False,International,4.18,72.2,0.4,,0.2,12.0,"{'unit': 'calories', 'value': 350.0}",72.2,,,,,,1.5,,,,,1.0,,350.0,Penne Rigate No.73,Barilla,,,
Fritz Mühlenbäckerei Bio Dinkel Kürbisbrot 750g,"6,79 €","750g (1 kg = 9,05 €)",False,Regional,9.05,38.0,0.5,,0.1,6.0,"{'unit': 'calories', 'value': 186.0}",38.0,1500.0,,,,,1.1,,,,,1.0,,186.0,Bio Roggenbrot 750g,Fritz Mühlenbäckerei,,,
Spargelhof Schlaffer Spargel weiß im Bund...,"9,90 €","500g (1 kg = 19,80 €)",False,Regional,19.8,2.0,0.0,0.0,0.0,1.9,"{'unit': 'calories', 'value': 18.0}",2.0,0.0,0.0,0.0,1.0,0.0,0.2,0.0,0.0,0.0,9.0,1.0,0.0,18.0,"Spargel, grün",Heizleiter Spargelhof,,,
"Obstbau Brög Äpfel Elstar im Beutel 2,5kg","3,99 €","2,50kg (1 kg = 1,60 €)",False,Regional,1.6,19.6,,,,0.42,"{'unit': 'calories', 'value': 77.0}",19.6,,,,,,0.8,,,,,1.0,,77.0,Apfel Elstar,Obstbau Dellbrügge,,,
Antersdorfer Bio Dinkel pur 1kg,"3,89 €",1kg,False,Regional,3.89,60.0,0.7,10.0,0.2,17.0,"{'unit': 'calories', 'value': 343.0}",70.0,,,,,,1.7,,,,,1.0,,343.0,Dinkel Pur,Antersdorfer,,,
Metzgerei Vinzenzmurr Delikatess Leberwurst...,"3,49 €","250g (1 kg = 13,96 €)",False,Regional,13.96,2.4,,,,16.0,"{'unit': 'calories', 'value': 282.0}",2.4,,,,,,23.0,,,,,1.0,,282.0,Delikatesse Leberwurst,Metzgerei  Bauer,,,
Oberbayrische Schmankerl Wildschwe...,"5,49 €","120g (1 kg = 45,75 €)",False,Regional,45.75,16.9,1.8,,1.0,7.9,"{'unit': 'calories', 'value': 139.0}",16.9,,,,,,4.4,,,,,1.0,,139.0,Spinat-Grillis,Oberbayrische  Schmankerl,,,
Anderlbauer Bio Ziegenkäse 180g,"6,99 €","180g (1 kg = 38,83 €)",False,Regional,38.83,0.0,0.0,,12.12,16.55,"{'unit': 'calories', 'value': 280.0}",0.0,0.0,,,,,22.5,,,,,1.0,,280.0,Ziegenkäse,Anderlbauer,,,
Fritz Mühlenbäckerei Bio Dinkel-Hafer-Roggen...,"4,19 €","600g (1 kg = 6,98 €)",True,Regional,6.98,43.8,1.0,0.0,0.2,7.81,"{'unit': 'calories', 'value': 218.1}",43.8,0.0,0.0,0.0,0.0,0.0,1.3,0.0,0.0,0.0,0.0,1.0,0.0,218.0,Bio-Dinkel-Hafer-Brot,Fritz  Mühlenbäckerei,,,
REWE Regional Rinderhackfleisch 500g,"5,98 €","500g (1 kg = 11,96 €)",False,Regional,11.96,0.0,0.0,0.0,0.0,19.0,"{'unit': 'calories', 'value': 220.0}",0.0,0.0,0.0,0.0,0.0,0.0,16.0,0.0,0.0,0.0,0.0,1.0,0.0,220.0,Rinderhackfleisch,Rewe,,,
REWE Regional Hähnchen Innenbrustfil...,"4,99 €","350g (1 kg = 14,26 €)",False,Regional,14.26,0.0,0.0,,0.0,0.0,"{'unit': 'calories', 'value': 178.0}",0.0,,,,,,0.0,,,,,1.0,,178.0,Hähnchen-Geschnetzeltes,Rewe Regional,,,
REWE Regional Hähnchenbrustfilet 550g,"6,99 €","550g (1 kg = 12,71 €)",False,Regional,12.71,1.5,0.0,0.0,0.0,20.0,"{'unit': 'calories', 'value': 131.0}",1.5,0.0,0.0,0.0,0.0,0.0,2.0,0.0,0.0,0.0,0.0,1.0,0.0,131.0,Hähnchenbrustfilet,rewe,,,
REWE Regional Hähnchen...,"5,99 €","400g (1 kg = 14,98 €)",False,Regional,14.98,0.0,0.0,,0.0,0.0,"{'unit': 'calories', 'value': 178.0}",0.0,,,,,,0.0,,,,,1.0,,178.0,Hähnchen-Geschnetzeltes,Rewe Regional,,,
UNSER LAND Bio Zwiebeln 1kg,"2,49 €",1kg,False,Regional,2.49,29.2,0.9,0.0,2.1,35.1,"{'unit': 'calories', 'value': 416.0}",29.2,6.0,0.0,0.0,0.0,0.0,17.4,0.0,0.0,0.0,0.0,1.0,0.0,416.0,Sojabohnen Bio,Unser Land,,,
REWE Regional Laugenbrezen 5 Stück,"2,49 €","618g (1 kg = 4,03 €)",False,Regional,4.03,1.0,1.0,,7.2,12.0,"{'unit': 'calories', 'value': 214.0}",1.0,2000.0,,,,,18.0,,,,,1.0,,214.0,Delikatess Bockwürstchen 5 Stück - ja!,Rewe,,,
UNSER LAND Bio Kartoffeln festkochend...,"4,29 €","2kg (1 kg = 2,15 €)",False,Regional,2.15,15.0,0.0,1.2,0.0,1.9,"{'unit': 'calories', 'value': 73.0}",16.2,0.0,0.0,0.0,0.0,0.0,0.0,0.0,0.0,0.0,0.0,1.0,0.0,73.0,Kartoffeln festkochend,Kartoffeln,,,
UNSER LAND Bio Kartoffeln vorwiegend...,"4,29 €","2kg (1 kg = 2,15 €)",False,Regional,2.15,3.12,0.66,0.88,0.34,0.67,"{'unit': 'calories', 'value': 80.0}",4.0,1.05,0.0,0.0,0.0,0.0,6.8,0.0,0.0,0.0,0.0,1.0,0.0,80.0,Bio Kartoffeln Suppe,Unser Land,,,
Rosenmehl Weizenmehl Type 405 1kg,"1,69 €",1kg,False,Regional,1.69,72.3,0.7,2.8,0.1,10.0,"{'unit': 'calories', 'value': 343.0}",75.1,0.4,0.0,0.0,0.0,0.0,1.0,0.0,0.0,0.0,0.0,1.0,0.0,343.0,Weizenmehl Type 405,Rosenmehl,,,
Gottschaller Biohofbäckerei Bio...,"2,99 €","500g (1 kg = 5,98 €)",False,Regional,5.98,48.3,1.8,,0.2,8.0,"{'unit': 'calories', 'value': 249.0}",48.3,620.0,,,,,1.3,,,,,1.0,,249.0,Gottschaller Bio-Schwabenlaib,Gottschaller Biohofbäckerei,,,
REWE Regional Hackfleisch gemischt...,"5,98 €","500g (1 kg = 11,96 €)",False,Regional,11.96,0.0,,,8.5,18.0,"{'unit': 'calories', 'value': 234.0}",0.0,,,,,,18.0,,,,,1.0,,234.0,Hackfleisch,Rewe Regional Hack gemischt,,,
"UNSER LAND Bio Kartoffel-Riesen 1,5kg","2,99 €","1,50kg (1 kg = 1,99 €)",False,Regional,1.99,29.2,0.9,0.0,2.1,35.1,"{'unit': 'calories', 'value': 416.0}",29.2,6.0,0.0,0.0,0.0,0.0,17.4,0.0,0.0,0.0,0.0,1.0,0.0,416.0,Sojabohnen Bio,Unser Land,,,
REWE Regional Hähnchen Unterschenk...,"3,99 €","600g (1 kg = 6,65 €)",False,Regional,6.65,0.5,,,,18.2,"{'unit': 'calories', 'value': 176.0}",0.5,1.9,,,,,11.2,,,,,1.0,,176.0,Hähnchen Unterschenkel,Rewe regional,,,
Fritz Mühlenbäckerei Bio Roggenbrot 750g,"4,45 €","750g (1 kg = 5,93 €)",False,Regional,5.93,38.0,0.5,,0.1,6.0,"{'unit': 'calories', 'value': 186.0}",38.0,1500.0,,,,,1.1,,,,,1.0,,186.0,Bio Roggenbrot 750g,Fritz Mühlenbäckerei,,,
REWE Regional Rinderhackfleisch 250g,"2,99 €","250g (1 kg = 11,96 €)",False,Regional,11.96,0.0,0.0,0.0,0.0,19.0,"{'unit': 'calories', 'value': 220.0}",0.0,0.0,0.0,0.0,0.0,0.0,16.0,0.0,0.0,0.0,0.0,1.0,0.0,220.0,Rinderhackfleisch,Rewe,,,
REWE Regional Paprika Spitz Mix 220g,"2,99 €","220g (1 kg = 13,59 €)",False,Regional,13.59,7.0,0.0,0.0,0.0,1.0,"{'unit': 'calories', 'value': 19.0}",7.0,0.0,0.0,0.0,0.0,0.0,0.0,0.0,0.0,177.0,0.0,1.0,0.0,19.0,Tribelli XL Paprika Spitz-Mix,Rewe Beste Wahl,,,
REWE Feine Welt Portobello Pilze 200g,"3,69 €","200g (1 kg = 18,45 €)",False,Obst & Gemüse,18.45,,,,,,,,,,,,,,,,,,,,,,,,,
Cherry Romatomaten 250g,"1,09 €","250g (1 kg = 4,36 €)",True,Obst & Gemüse,4.36,2.8,0.0,0.0,0.0,0.8,"{'unit': 'calories', 'value': 15.0}",2.8,0.0,0.0,0.0,0.0,0.0,0.1,0.0,0.0,0.0,0.0,1.0,0.0,15.0,Cherry Romatomaten,Penny,,,
Paprika rot 500g,"2,49 €","500g (1 kg = 4,98 €)",False,Obst & Gemüse,4.98,,,,,,"{'unit': 'calories', 'value': 20.0}",,,,,,,,,,,,1.0,,20.0,Paprika rot,Bio Paprika rot,,,
Tafeltrauben hell kernlos 500g,"1,99 €","500g (1 kg = 3,98 €)",False,Obst & Gemüse,3.98,16.0,,,,0.8,"{'unit': 'calories', 'value': 69.0}",16.0,,,,,,0.4,,,,,1.0,,69.0,Tafeltrauben kernlos hell,Rewe,,,
REWE Bio Erdbeeren 300g,"2,99 €","300g (1 kg = 9,97 €)",False,Obst & Gemüse,9.97,5.5,,,,0.8,"{'unit': 'calories', 'value': 29.0}",5.5,,,,,,0.4,,,,,1.0,,29.0,Erdbeeren,Rewe Bio,,,
REWE Bio Möhren 1kg,"2,19 €",1kg,False,Obst & Gemüse,2.19,6.5,,,0.1,2.2,"{'unit': 'calories', 'value': 187.0}",6.5,,,,,,0.2,,,,,1.0,,187.0,Erbsen & Möhren,Rewe Bio,,,
REWE Bio Mini Cherry Rispentomaten 200g,"2,19 €","250g (1 kg = 8,76 €)",False,Obst & Gemüse,8.76,3.9,0.0,0.0,0.0,0.9,"{'unit': 'calories', 'value': 18.0}",3.9,0.0,0.0,0.0,0.0,0.0,0.2,0.0,0.0,0.0,0.0,1.0,0.0,18.0,Bio Rispentomaten,Rewe,,,
REWE Bio Zitrone 500g im Netz,"1,59 €","500g (1 kg = 3,18 €)",False,Obst & Gemüse,3.18,0.4,0.2,0.0,2.3,19.3,"{'unit': 'calories', 'value': 165.0}",0.4,1.38,0.0,0.0,0.0,0.0,9.5,0.0,0.0,0.0,0.0,1.0,0.0,165.0,im Netz,Kalbsbraten,,,
Bio Heidelbeeren 175g,"2,99 €","175g (1 kg = 17,09 €)",False,Obst & Gemüse,17.09,9.1,8.1,0.0,0.1,0.5,"{'unit': 'calories', 'value': 48.0}",9.1,0.0,0.0,0.0,0.0,0.0,0.5,0.0,0.0,0.0,0.0,1.0,0.0,48.0,Heidelbeeren,bio,,,
REWE Bio Rispentomaten 500g,"2,89 €","500g (1 kg = 5,78 €)",False,Obst & Gemüse,5.78,3.9,0.0,0.0,0.0,0.9,"{'unit': 'calories', 'value': 18.0}",3.9,0.0,0.0,0.0,0.0,0.0,0.2,0.0,0.0,0.0,0.0,1.0,0.0,18.0,Bio Rispentomaten,Rewe,,,
Speisezwiebeln 1kg im Netz,"1,59 €",1kg,False,Obst & Gemüse,1.59,0.4,0.2,0.0,2.3,19.3,"{'unit': 'calories', 'value': 165.0}",0.4,1.38,0.0,0.0,0.0,0.0,9.5,0.0,0.0,0.0,0.0,1.0,0.0,165.0,im Netz,Kalbsbraten,,,
Tafeltrauben blau kernlos 500g,"2,49 €","500g (1 kg = 4,98 €)",False,Obst & Gemüse,4.98,15.0,14.0,,,0.0,"{'unit': 'calories', 'value': 68.0}",15.0,,,,,,0.0,,,,,1.0,,68.0,Kernlos,Tafeltrauben,,,
Bio Paprika 400g,"2,89 €","400g (1 kg = 7,23 €)",False,Obst & Gemüse,7.23,6.5,,,,1.3,"{'unit': 'calories', 'value': 38.0}",6.5,,,,,,0.5,,,,,1.0,,38.0,Paprika,Bio Paprika,,,
REWE Bio Champignons braun 250g,"1,99 €","250g (1 kg = 7,96 €)",False,Obst & Gemüse,7.96,2.7,0.0,0.0,0.1,1.9,"{'unit': 'calories', 'value': 26.0}",2.7,0.75,0.0,0.0,0.0,0.0,0.3,0.0,0.0,0.0,0.0,1.0,0.0,26.0,Braune Champignons (Glas),Rewe,,,
Kartoffeln festkochend 2kg,"2,99 €","2kg (1 kg = 1,50 €)",False,Obst & Gemüse,1.5,15.0,0.0,1.2,0.0,1.9,"{'unit': 'calories', 'value': 73.0}",16.2,0.0,0.0,0.0,0.0,0.0,0.0,0.0,0.0,0.0,0.0,1.0,0.0,73.0,Kartoffeln festkochend,Kartoffeln,,,
REWE Bio Zucchini 500g,"1,69 €","500g (1 kg = 3,38 €)",False,Obst & Gemüse,3.38,1.0,0.0,0.0,0.0,1.0,"{'unit': 'calories', 'value': 80.0}",1.0,0.0,0.0,0.0,0.0,0.0,1.0,0.0,0.0,0.0,0.0,1.0,0.0,80.0,Bio Äpfel 500g,REWE,,,
Zwiebel rot 500g im Netz,"1,69 €","500g (1 kg = 3,38 €)",False,Obst & Gemüse,3.38,0.4,0.2,0.0,2.3,19.3,"{'unit': 'calories', 'value': 165.0}",0.4,1.38,0.0,0.0,0.0,0.0,9.5,0.0,0.0,0.0,0.0,1.0,0.0,165.0,im Netz,Kalbsbraten,,,
Zitronen 500g im Netz,"0,99 €","500g (1 kg = 1,98 €)",False,Obst & Gemüse,1.98,0.4,0.2,0.0,2.3,19.3,"{'unit': 'calories', 'value': 165.0}",0.4,1.38,0.0,0.0,0.0,0.0,9.5,0.0,0.0,0.0,0.0,1.0,0.0,165.0,im Netz,Kalbsbraten,,,
Broccoli 500g,"1,49 €","500g (1 kg = 2,98 €)",False,Obst & Gemüse,2.98,4.0,,3.1,,5.4,"{'unit': 'calories', 'value': 51.0}",7.1,300.0,,,,,0.8,,,,,1.0,,51.0,Riced Broccoli 500g,Morrisons,,,
Erdbeeren 500g,"2,49 €","500g (1 kg = 4,98 €)",False,Obst & Gemüse,4.98,38.4,0.0,0.0,0.0,3.35,"{'unit': 'calories', 'value': 160.0}",38.4,0.0,0.0,0.0,0.0,0.0,1.5,0.0,0.0,0.0,0.0,1.0,0.0,160.0,Erdbeeren 500g,Biohof Seemann,,,
REWE Bio Äpfel rot 1kg,"3,49 €",1kg,False,Obst & Gemüse,3.49,7.4,5.0,1.6,,0.8,"{'unit': 'calories', 'value': 45.0}",9.0,,,,,,0.2,,,,,1.0,,45.0,Grapefruit Rot Bio,Rewe,,,
Kartoffeln Drillinge festkochend 1kg,"2,19 €",1kg,True,Obst & Gemüse,2.19,15.0,0.0,1.2,0.0,1.9,"{'unit': 'calories', 'value': 73.0}",16.2,0.0,0.0,0.0,0.0,0.0,0.0,0.0,0.0,0.0,0.0,1.0,0.0,73.0,Kartoffeln festkochend,Kartoffeln,,,
REWE Bio Rinderhackfleisch 400g,"7,49 €","400g (1 kg = 18,73 €)",False,Fleisch & Fisch,18.73,0.5,,,6.8,20.0,"{'unit': 'calories', 'value': 235.0}",0.5,0.0,,,,,17.0,0.0,,,,1.0,,235.0,Rinderhackfleisch,rewe bio,,,
Beyond Meat Beyond Hack vegan 300g,"3,99 €","300g (1 kg = 13,30 €)",False,Fleisch & Fisch,13.3,5.6,,,5.6,17.0,"{'unit': 'calories', 'value': 252.0}",5.6,,,,,,19.0,,,,,1.0,,252.0,Vegan,Beyond meat,,,
Planted. Pulled BBQ vegan 160g,"2,99 €","160g (1 kg = 18,69 €)",False,Fleisch & Fisch,18.69,6.6,3.2,,0.6,19.0,"{'unit': 'calories', 'value': 138.0}",6.6,,,,,,3.3,,,,,1.0,,138.0,Pulled BBQ [160g],planted.,,,
REWE Bio Wiener Würstchen 200g,"3,29 €","200g (1 kg = 16,45 €)",False,Fleisch & Fisch,16.45,0.5,0.3,,5.0,7.0,"{'unit': 'calories', 'value': 144.0}",0.5,1000.0,,,,,12.5,,,,,1.0,,144.0,Wiener Würstchen,Rewe Bio  1 Stk.,,,
The Vegetarian Butcher Chick-Eria Filets vegan...,"3,49 €","180g (1 kg = 19,39 €)",False,Fleisch & Fisch,19.39,0.0,0.0,0.0,0.0,16.0,"{'unit': 'calories', 'value': 150.0}",0.0,,,,,,0.0,,,,,1.0,,150.0,Chick-Eria Filets,The Vegetarian Butcher,,,
The Vegetarian Butcher Vegane Chickeriki...,"3,29 €","160g (1 kg = 20,56 €)",False,Fleisch & Fisch,20.56,5.2,0.5,2.5,0.5,16.0,"{'unit': 'calories', 'value': 126.0}",7.7,,,,,,4.2,,,,,1.0,,126.0,Vegane Chickeriki Streifen,The Vegetarian Butcher,,,
The Vegetarian Butcher Wie'n Schnitzel vegan...,"3,29 €","180g (1 kg = 18,28 €)",False,Fleisch & Fisch,18.28,18.0,0.0,3.3,3.6,13.0,"{'unit': 'calories', 'value': 237.0}",21.3,15.0,,,,,12.0,15.0,,,,1.0,,237.0,Wie'n Schnitzel,The Vegetarian Butcher,,,
REWE Bio Hähnchenbrustfilet 70g,"2,69 €","70g (1 kg = 38,43 €)",False,Fleisch & Fisch,38.43,1.0,1.0,,0.4,24.5,"{'unit': 'calories', 'value': 122.0}",1.0,,,,,,2.0,,,,,1.0,,122.0,Hähnchenbrustfilet 70g,Bio Rewe,,,
The Vegetarian Butcher Veganes Hick-Hack-Hur...,"3,29 €","180g (1 kg = 18,28 €)",False,Fleisch & Fisch,18.28,2.6,1.8,5.8,0.1,22.0,"{'unit': 'calories', 'value': 113.0}",8.4,,,,,,0.5,,,,,1.0,,113.0,Hick-Hack-Hurra,The Vegetarian Butcher,,,
REWE Bio Original Nürnberger...,"2,99 €","160g (1 kg = 18,69 €)",True,Fleisch & Fisch,18.69,0.2,0.2,0.0,2.4,2.8,"{'unit': 'calories', 'value': 70.0}",0.2,186.0,0.0,0.0,0.0,0.0,6.4,0.0,0.0,57.0,0.0,1.0,0.0,70.0,Original Nürnberger Rostbratwürstchen,Bratwurst Nürnberger Rewe Bio,,,
REWE Bio Salami 70g,"1,89 €",70g (1 kg = 27 €),False,Fleisch & Fisch,27.0,1.0,1.0,,0.4,24.5,"{'unit': 'calories', 'value': 122.0}",1.0,,,,,,2.0,,,,,1.0,,122.0,Hähnchenbrustfilet 70g,Bio Rewe,,,
REWE Regional Rinderhackfleisch 500g,"5,98 €","500g (1 kg = 11,96 €)",False,Fleisch & Fisch,11.96,0.0,0.0,0.0,0.0,19.0,"{'unit': 'calories', 'value': 220.0}",0.0,0.0,0.0,0.0,0.0,0.0,16.0,0.0,0.0,0.0,0.0,1.0,0.0,220.0,Rinderhackfleisch,Rewe,,,
REWE Regional Hähnchen Innenbrustfil...,"4,99 €","350g (1 kg = 14,26 €)",False,Fleisch & Fisch,14.26,0.0,0.0,,0.0,0.0,"{'unit': 'calories', 'value': 178.0}",0.0,,,,,,0.0,,,,,1.0,,178.0,Hähnchen-Geschnetzeltes,Rewe Regional,,,
Ponnath Prosciutto Cotto 150g,"2,99 €","150g (1 kg = 19,93 €)",False,Fleisch & Fisch,19.93,1.0,0.8,,,20.0,"{'unit': 'calories', 'value': 107.0}",1.0,,,,,,2.5,,,,,1.0,,107.0,Prosciutto Cotto,Ponnath,,,
Wolf Gelbwurst 100g,"1,49 €","100g (1 kg = 14,90 €)",False,Fleisch & Fisch,14.9,1.0,0.0,0.0,12.5,11.5,"{'unit': 'calories', 'value': 295.0}",1.0,0.0,0.0,0.0,0.0,0.0,27.0,0.0,0.0,0.0,0.0,1.0,0.0,295.0,Gelbwurst,Wolf,,,
REWE Bio Bacon-Würfel Schwein 80g,"1,59 €","80g (1 kg = 19,88 €)",False,Fleisch & Fisch,19.88,1.0,1.0,,12.9,13.2,"{'unit': 'calories', 'value': 348.0}",1.0,1200.0,,,,,32.3,,,,,1.0,,348.0,Bacon-würfel,Rewe Bio,,,
REWE Bio Stremellachs Natur 100g,"3,69 €","100g (1 kg = 36,90 €)",True,Fleisch & Fisch,36.9,0.5,,,2.9,23.2,"{'unit': 'calories', 'value': 214.0}",0.5,1.45,,,,,13.2,,,,,1.0,,214.0,Stremellachs Natur,REWE Bio,,,
REWE Regional Hähnchenbrustfilet 550g,"6,99 €","550g (1 kg = 12,71 €)",False,Fleisch & Fisch,12.71,1.5,0.0,0.0,0.0,20.0,"{'unit': 'calories', 'value': 131.0}",1.5,0.0,0.0,0.0,0.0,0.0,2.0,0.0,0.0,0.0,0.0,1.0,0.0,131.0,Hähnchenbrustfilet,rewe,,,
REWE Regional Hähnchen...,"5,99 €","400g (1 kg = 14,98 €)",False,Fleisch & Fisch,14.98,0.0,0.0,,0.0,0.0,"{'unit': 'calories', 'value': 178.0}",0.0,,,,,,0.0,,,,,1.0,,178.0,Hähnchen-Geschnetzeltes,Rewe Regional,,,
Wilhelm Brandenburg Mortadella mit Paprika...,"1,49 €","100g (1 kg = 14,90 €)",False,Fleisch & Fisch,14.9,0.15,0.14,,1.83,2.0,"{'unit': 'calories', 'value': 43.0}",0.15,35.0,,,,,3.83,,,,,1.0,,43.0,Wilhelm Brandenburg,Mortadella mit Paprika,,,
Gutfried Hähnchenfleischwurst...,"2,99 €","350g (1 kg = 8,54 €)",True,Fleisch & Fisch,8.54,0.5,0.5,,6.0,13.0,"{'unit': 'calories', 'value': 234.0}",0.5,2200.0,,,,,20.0,,,,,1.0,,234.0,Hähnchenfleischwurst,Gutfried,,,
REWE Bio Kochschinken 100g,"2,79 €","100g (1 kg = 27,90 €)",False,Fleisch & Fisch,27.9,1.0,,,1.2,19.0,"{'unit': 'calories', 'value': 474.0}",1.0,,,,,,3.5,,,,,1.0,,474.0,Rewe Bio Kochschinken,Kochschinken Rewe,,,
REWE Beste Wahl Delikatess...,"2,99 €","150g (1 kg = 19,93 €)",False,Fleisch & Fisch,19.93,0.7,0.3,0.0,7.6,9.5,"{'unit': 'calories', 'value': 205.0}",0.7,1040.0,0.0,0.0,0.0,0.0,18.2,0.0,0.0,0.0,0.0,1.0,0.0,205.0,Delikatess Rostbratwurst,Rewe Beste Wahl,,,
Reinert Schinken-Nuggetz 3x50g,"2,99 €","150g (1 kg = 19,93 €)",False,Fleisch & Fisch,19.93,0.5,,,,11.0,"{'unit': 'calories', 'value': 116.0}",0.5,,,,,,7.0,,,,,1.0,,116.0,Schinken Nuggetz,Reinert,,,
Deutsche See Lachsfilet 250g,"6,49 €","250g (1 kg = 25,96 €)",False,Fleisch & Fisch,25.96,0.0,,,3.8,26.0,"{'unit': 'calories', 'value': 239.0}",0.0,,,,,,15.0,,,,,1.0,,239.0,Lachsfilet,Deutsch See,,,
Citterio Prosciutto di Parma 70g,"3,39 €","70g (1 kg = 48,43 €)",False,Fleisch & Fisch,48.43,0.0,0.0,0.0,1.5,8.0,"{'unit': 'calories', 'value': 62.0}",0.0,520.0,0.0,,,20.0,3.5,2.0,,,,28.0,0.0,62.0,Prosciutto di Parma,Citterio,,,
Wilhelm Brandenburg Bayerischer...,"1,59 €","100g (1 kg = 15,90 €)",False,Fleisch & Fisch,15.9,0.5,0.5,0.0,11.0,12.0,"{'unit': 'calories', 'value': 285.0}",0.5,1800.0,0.0,0.0,0.0,0.0,26.0,0.0,0.0,0.0,0.0,1.0,0.0,285.0,Bayerischer Leberkäse,Wilhelm Brandenburg,,,
REWE Bio Geflügel Wiener 200g,"3,99 €","200g (1 kg = 19,95 €)",False,Fleisch & Fisch,19.95,1.0,1.0,,8.0,12.5,"{'unit': 'calories', 'value': 279.0}",1.0,2000.0,,,,,25.0,,,,,1.0,,279.0,Geflügel Wiener,REWE Bio,,,
REWE Bio Rostbratwurst 200g,"3,19 €","200g (1 kg = 15,95 €)",True,Fleisch & Fisch,15.95,1.0,0.5,0.0,12.0,15.0,"{'unit': 'calories', 'value': 282.0}",1.0,0.0,0.0,0.0,0.0,0.0,24.0,0.0,0.0,0.0,0.0,1.0,0.0,282.0,Rostbratwurst,Bio Rewe,,,
Zimmermann Münchner Weißwürste 5x60g,"3,59 €","5x60g (1 kg = 11,97 €)",False,Fleisch & Fisch,11.97,1.0,,,11.0,11.0,"{'unit': 'calories', 'value': 273.0}",1.0,1.7,,,,,25.0,,,,,1.0,,273.0,Weißwurst,Zimmermann Münchner Weißwurst,,,
Wiesenhof Geflügel-Mortadella 100g,"1,59 €","100g (1 kg = 15,90 €)",False,Fleisch & Fisch,15.9,0.1,0.1,,0.6,1.3,"{'unit': 'calories', 'value': 24.0}",0.1,95.0,,,,,2.0,,,,,1.0,,24.0,Geflügel Mortadella,Wiesenhof,,,
Herta Finesse Putenbrust im Ofen gegrillt 100g,"2,49 €","100g (1 kg = 24,90 €)",False,Fleisch & Fisch,24.9,1.2,1.2,,0.4,20.4,"{'unit': 'calories', 'value': 98.0}",1.2,2200.0,,,,,1.2,,,,,1.0,,98.0,Finesse Putenbrust im Ofen Gegrillt*,Herta,,,
REWE Bio + vegan Tofu Natur 2x200g,"2,19 €","2x200g (1 kg = 5,48 €)",False,Fleisch & Fisch,5.48,,,,,,,,,,,,,,,,,,,,,,,,,
Herta Finesse Schinken hauchzart und feinwürz...,"2,49 €","100g (1 kg = 24,90 €)",False,Fleisch & Fisch,24.9,1.0,1.0,0.4,1.2,20.0,"{'unit': 'calories', 'value': 112.0}",1.4,960.0,0.0,0.0,0.0,0.0,3.0,0.0,0.0,0.0,0.0,1.0,0.0,112.0,Finesse Schinken Hauchzart,Herta,,,
REWE Bio Geflügelsalami mit Palmfett 70g,"1,79 €","70g (1 kg = 25,57 €)",False,Fleisch & Fisch,25.57,0.5,,,5.8,22.0,"{'unit': 'calories', 'value': 216.0}",0.5,3600.0,,,,,14.0,,,,,1.0,,216.0,Mit Palmfett,Geflügelsalami,,,
REWE Regional Hackfleisch gemischt...,"5,98 €","500g (1 kg = 11,96 €)",False,Fleisch & Fisch,11.96,0.0,,,8.5,18.0,"{'unit': 'calories', 'value': 234.0}",0.0,,,,,,18.0,,,,,1.0,,234.0,Hackfleisch,Rewe Regional Hack gemischt,,,
Rügenwalder Mühle Veganer Schinken...,"1,59 €","80g (1 kg = 19,88 €)",False,Fleisch & Fisch,19.88,3.1,1.5,8.0,0.7,2.2,"{'unit': 'calories', 'value': 118.0}",11.1,,,5.7,,,9.0,,2.6,,,1.0,,118.0,Veganer Schinken Spicker,Rügenwalder Mühle,,,
Aoste Luftgetrocknete Ringsalami 250g,"5,79 €","250g (1 kg = 23,16 €)",False,Fleisch & Fisch,23.16,2.0,1.5,,15.0,26.0,"{'unit': 'calories', 'value': 445.0}",2.0,,,,,,37.0,,,,,1.0,,445.0,Ringsalami,Aoste,,,
Gutfried Geflügel-Fleischwurst 400g,"3,49 €","400g (1 kg = 8,73 €)",False,Fleisch & Fisch,8.73,1.0,,,2.7,16.0,"{'unit': 'calories', 'value': 149.0}",1.0,2.0,,,,,9.0,,,,,1.0,,149.0,Geflügel - Fleischwurst,Gutfried,,,
REWE Bio Rinderhackfleisch 250g,"4,79 €","250g (1 kg = 19,16 €)",False,Fleisch & Fisch,19.16,0.5,,,6.8,20.0,"{'unit': 'calories', 'value': 235.0}",0.5,0.0,,,,,17.0,0.0,,,,1.0,,235.0,Rinderhackfleisch,rewe bio,,,
Tulip Bacon 125g,"2,29 €","125g (1 kg = 18,32 €)",False,Fleisch & Fisch,18.32,3.3,0.0,0.0,7.2,13.0,"{'unit': 'calories', 'value': 254.0}",3.3,0.0,0.0,0.0,0.0,0.0,21.0,0.0,0.0,0.0,0.0,1.0,0.0,254.0,Bacon og oste pølser 125g.,Tulip,,,
Rügenwalder Mühle Pommersche...,"2,69 €","125g (1 kg = 21,52 €)",False,Fleisch & Fisch,21.52,25.5,1.0,3.2,0.7,2.9,"{'unit': 'calories', 'value': 176.0}",28.7,0.0,0.0,0.0,0.0,0.0,6.2,0.0,0.0,0.0,0.0,1.0,0.0,176.0,Pommersche,Rügenwalder Mühle,,,
REWE Bio Bierschinken 70g,"1,69 €","70g (1 kg = 24,14 €)",False,Fleisch & Fisch,24.14,1.0,0.0,0.0,3.5,19.0,"{'unit': 'calories', 'value': 163.0}",1.0,0.0,0.0,0.0,0.0,0.0,9.0,0.0,0.0,0.0,0.0,1.0,0.0,163.0,Bierschinken,Rewe Bio Bierschinken,,,
REWE Bio Gelbwurst 70g,"1,49 €","70g (1 kg = 21,29 €)",False,Fleisch & Fisch,21.29,0.1,0.1,0.0,1.0,1.1,"{'unit': 'calories', 'value': 27.0}",0.1,24.0,0.0,0.0,0.0,0.0,2.4,0.0,0.0,0.0,0.0,1.0,0.0,27.0,Gelbwurst,Rewe bio,,,
Popp Feinster Fleischsalat 200g,"1,29 €","200g (1 kg = 6,45 €)",True,Fleisch & Fisch,6.45,6.0,4.2,,6.1,4.8,"{'unit': 'calories', 'value': 304.0}",6.0,1.5,,,,,29.0,,,,,1.0,,304.0,popp,Feinster Fleischsalat,,,
Danone Activia Pfirsich-Maracuja 4x115g,"2,69 €","4x115g (1 kg = 5,85 €)",False,"Käse, Eier & Molkerei",5.85,17.1,16.5,,2.3,4.6,"{'unit': 'calories', 'value': 119.0}",17.1,,18.75,,,,3.5,,,,,1.0,,119.0,Activia Pfirsich-maracuja,Danone,,,
Danone Activia Erdbeere 4x115g,"2,69 €","4x115g (1 kg = 5,85 €)",False,"Käse, Eier & Molkerei",5.85,17.1,0.0,0.0,2.3,4.6,"{'unit': 'calories', 'value': 119.0}",17.1,19.0,16.0,0.0,0.0,0.0,3.5,0.0,0.0,0.0,0.0,1.0,0.0,119.0,Activia Erdbeere,Danone Activia,,,
Arla Kaergarden Gesalzen aus Butter &...,"2,39 €","200g (1 kg = 11,95 €)",False,"Käse, Eier & Molkerei",11.95,0.6,0.0,0.0,37.0,0.5,"{'unit': 'calories', 'value': 679.0}",0.6,0.0,0.0,0.0,0.0,0.0,75.0,0.0,0.0,0.0,0.0,1.0,0.0,679.0,Butter gesalzen,Arla Kærgården,,,
Arla Kaergarden Ungesalzen aus Butter...,"2,39 €","200g (1 kg = 11,95 €)",False,"Käse, Eier & Molkerei",11.95,0.6,0.6,0.0,37.0,0.5,"{'unit': 'calories', 'value': 680.0}",0.6,3.9,0.0,0.0,0.0,0.0,75.0,0.0,0.0,0.0,0.0,1.0,0.0,680.0,Butter Ungesalzen,Arla Kærgarden,,,
Meggle Kräuterbutter portioniert 5x20g,"1,69 €","5x20g (1 kg = 16,90 €)",True,"Käse, Eier & Molkerei",16.9,3.3,2.4,,40.0,1.2,"{'unit': 'calories', 'value': 578.0}",3.3,827.0,,,,,62.0,,,,,1.0,,578.0,Kräuterbutter,Meggle,,,
REWE Bio Mozzarella 125g,"1,19 €","125g (1 kg = 9,52 €)",False,"Käse, Eier & Molkerei",9.52,20.0,,,,2.5,"{'unit': 'calories', 'value': 89.0}",20.0,,,,,,1.2,,,,,1.0,,89.0,Kumquat 125g,Rewe Bio,,,
Meggle Knoblauchbutter-Rolle 125g,"2,09 €","125g (1 kg = 16,72 €)",True,"Käse, Eier & Molkerei",16.72,3.7,1.7,0.0,41.0,1.2,"{'unit': 'calories', 'value': 578.0}",3.7,0.0,0.0,0.0,0.0,0.0,62.0,0.0,0.0,0.0,0.0,1.0,0.0,578.0,Knoblauchbutter (Rolle 125g),Meggle,,,
REWE Bio Gouda 150g,"1,89 €","150g (1 kg = 12,60 €)",False,"Käse, Eier & Molkerei",12.6,3.3,0.0,0.0,0.0,4.4,"{'unit': 'calories', 'value': 33.0}",3.3,0.0,0.0,0.0,0.3,0.0,0.0,0.4,0.0,0.0,0.0,1.0,0.0,33.0,Bio Seitlinge 150g,Rewe,,,
REWE Bio Frischkäse Doppelrahmstufe 175g,"1,29 €","175g (1 kg = 7,37 €)",False,"Käse, Eier & Molkerei",7.37,2.3,2.3,0.0,14.7,5.0,"{'unit': 'calories', 'value': 245.0}",2.3,320.0,0.0,0.0,0.0,0.0,23.8,0.0,0.0,0.0,0.0,1.0,0.0,245.0,Frischkäse Doppelrahmstufe,Rewe Bio,,,
REWE Bio Körniger Frischkäse 200g,"1,19 €","200g (1 kg = 5,95 €)",False,"Käse, Eier & Molkerei",5.95,1.0,1.0,,2.6,12.7,"{'unit': 'calories', 'value': 91.0}",1.0,700.0,,,0.0,,4.0,0.0,,,0.0,1.0,,91.0,Körniger Frischkäse,Rewe Bio,,,
REWE Bio Süßrahmbutter 250g,"2,69 €","250g (1 kg = 10,76 €)",False,"Käse, Eier & Molkerei",10.76,0.6,0.6,,53.9,0.7,"{'unit': 'calories', 'value': 743.0}",0.6,,,,,,82.0,,,,,1.0,,743.0,Bio Süßrahmbutter 82% Fett,Rewe,,,
Berchtesgadener Land Butter aus Berg- &...,"2,59 €","250g (1 kg = 10,36 €)",False,"Käse, Eier & Molkerei",10.36,0.08,0.08,,5.4,0.06,"{'unit': 'calories', 'value': 47.7}",0.08,,,,,,8.23,,,,,1.0,,48.0,Butter,Berchtesgadener Land,,,
Deutsche Markenbutter 250g,"1,85 €","250g (1 kg = 7,40 €)",False,"Käse, Eier & Molkerei",7.4,1.0,,,55.0,0.5,"{'unit': 'calories', 'value': 749.0}",1.0,,,,,,82.5,,,,,1.0,,749.0,Deutsche Markenbutter,Deutsche Markenbutter,,,
Philadelphia Natur Doppelrahmstufe 175g,"2,19 €","175g (1 kg = 12,51 €)",False,"Käse, Eier & Molkerei",12.51,3.3,3.2,0.1,16.5,5.4,"{'unit': 'calories', 'value': 255.0}",3.4,300.0,,,,,24.5,,,,,1.0,,255.0,Natur Doppelrahmstufe,Philadelphia,,,
REWE Bio Schlagsahne 200g,"1,09 €","200g (1 kg = 5,45 €)",False,"Käse, Eier & Molkerei",5.45,3.2,,,20.3,2.5,"{'unit': 'calories', 'value': 293.0}",3.2,,,,,,30.0,,,,,1.0,,293.0,Schlagsahne 30% !,Rewe Bio,,,
Elinas Joghurt Griechischer Art Natur...,"2,15 €","4x150g (1 kg = 3,58 €)",False,"Käse, Eier & Molkerei",3.58,4.0,0.0,0.0,5.8,3.3,"{'unit': 'calories', 'value': 114.0}",4.0,0.0,0.0,0.0,0.0,0.0,9.4,0.0,0.0,0.0,0.0,1.0,0.0,114.0,Joghurt griechischer Art,Elinas,,,
REWE Feine Welt Burrata aus Apulien 250g,"1,89 €","100g (1 kg = 18,90 €)",False,"Käse, Eier & Molkerei",18.9,2.0,2.0,,15.3,8.0,"{'unit': 'calories', 'value': 255.0}",2.0,54.0,,,,,23.9,,,,,1.0,,255.0,Burrata,Rewe Feine Welt,,,
Giovanni Ferrari Grana Padano gerieben 60g,"2,19 €","60g (1 kg = 36,50 €)",False,"Käse, Eier & Molkerei",36.5,,0.0,0.0,18.0,33.0,"{'unit': 'calories', 'value': 398.0}",,1500.0,116.5,0.0,0.0,0.0,29.0,0.0,0.0,0.0,0.0,1.0,0.0,398.0,Grana Padano,Giovanni Ferrari,,,
Marca Italia Grana Padano Gerieben 150g,"2,49 €","150g (1 kg = 16,60 €)",False,"Käse, Eier & Molkerei",16.6,0.0,0.0,0.0,18.0,33.0,"{'unit': 'calories', 'value': 398.0}",0.0,0.0,0.0,0.0,0.0,0.0,29.0,0.0,0.0,0.0,0.0,1.0,0.0,398.0,Grana Padano gerieben,Grana Padano,,,
REWE Beste Wahl H-Sahne zum Kochen 15...,"0,69 €","200g (1 kg = 3,45 €)",False,"Käse, Eier & Molkerei",3.45,7.6,7.6,0.0,19.6,5.8,"{'unit': 'calories', 'value': 324.0}",7.6,64.0,0.0,0.0,0.0,0.0,30.0,0.0,0.0,0.0,0.0,1.0,0.0,324.0,Haltbare Sahne Zum Kochen,Rewe Beste Wahl,,,
REWE Bio Joghurt mild 500g,"1,15 €","500g (1 kg = 2,30 €)",False,"Käse, Eier & Molkerei",2.3,3.8,3.8,,1.2,4.8,"{'unit': 'calories', 'value': 51.0}",3.8,,,,,,1.8,,,,,1.0,,51.0,Joghurt,Rewe Bio Joghurt Mild,,,
Marca Italia Grana Padano 16 Monate 200g,"3,29 €","200g (1 kg = 16,45 €)",False,"Käse, Eier & Molkerei",16.45,0.0,0.0,,18.0,33.0,"{'unit': 'calories', 'value': 398.0}",0.0,1500.0,,,,,29.0,,,,,1.0,,398.0,16 Monate,Grana Padano DOP,,,
Marka Hellas Halloumi 225g,"2,99 €","225g (1 kg = 13,29 €)",False,"Käse, Eier & Molkerei",13.29,1.2,1.2,,18.2,21.6,"{'unit': 'calories', 'value': 334.0}",1.2,2800.0,,,,,26.4,,,,,1.0,,334.0,Halloumi,Marka Hellas,,,
REWE Bio Bergkäse 150g,"2,19 €","150g (1 kg = 14,60 €)",False,"Käse, Eier & Molkerei",14.6,0.1,0.1,0.0,26.0,28.0,"{'unit': 'calories', 'value': 418.0}",0.1,0.0,0.0,0.0,0.0,0.0,34.0,0.0,0.0,0.0,0.0,1.0,0.0,418.0,Bergkäse,REWE Bio,,,
REWE Bio Mini Mozzarella 125g,"1,49 €","125g (1 kg = 11,92 €)",False,"Käse, Eier & Molkerei",11.92,0.0,0.0,0.0,0.0,0.0,"{'unit': 'calories', 'value': 199.0}",0.0,0.0,0.0,0.0,0.0,0.0,0.0,0.0,0.0,0.0,0.0,1.0,0.0,199.0,125g Mozzarella Minis,125g Mozzarella Minis,,,
"REWE Bio Joghurt Mango 3,8% 150g","0,55 €","150g (1 kg = 3,67 €)",False,"Käse, Eier & Molkerei",3.67,5.7,,,2.5,4.6,"{'unit': 'calories', 'value': 75.0}",5.7,,,,,,3.8,,,,,1.0,,75.0,"Joghurt mild 3,8%",Rewe Bio,,,
REWE Bio Joghurt mild Erdbeer-Himbeer 150g,"0,55 €","150g (1 kg = 3,67 €)",False,"Käse, Eier & Molkerei",3.67,17.7,17.7,,3.2,5.3,"{'unit': 'calories', 'value': 142.0}",17.7,200.0,0.0,0.0,0.0,0.0,4.8,0.0,0.0,0.0,0.0,1.0,0.0,142.0,Joghurt Mild Erdbeer-himbeer,Rewe Bio,,,
REWE Bio Emmentaler gerieben 150g,"1,79 €","150g (1 kg = 11,93 €)",False,"Käse, Eier & Molkerei",11.93,0.0,0.0,0.0,22.0,29.0,"{'unit': 'calories', 'value': 395.0}",0.0,700.0,0.0,0.0,0.0,0.0,31.0,0.0,0.0,0.0,0.0,1.0,0.0,395.0,geriebener Emmentaler,REWE Bio,,,
Iglo Green Cuisine Gemüsestäbchen vegan...,"3,29 €","426g (1 kg = 7,72 €)",False,Tiefkühlkost,7.72,22.0,2.7,2.5,0.6,3.8,"{'unit': 'calories', 'value': 182.0}",24.5,,,,,,8.2,,,,43.0,1.0,,182.0,Gemüsestäbchen (vegan),Iglo Green Cuisine,,,
REWE Bio Broccoli tiefgefroren 300g,"1,79 €","300g (1 kg = 5,97 €)",False,Tiefkühlkost,5.97,1.8,1.5,,0.1,2.7,"{'unit': 'calories', 'value': 26.0}",1.8,5.0,,,,,0.3,,,,,1.0,,26.0,Broccoli Tiefgefroren,Bio Rewe,,,
REWE Bio Junge Erbsen 450g,"1,79 €","450g (1 kg = 3,98 €)",False,Tiefkühlkost,3.98,10.2,4.5,,0.2,5.7,"{'unit': 'calories', 'value': 81.0}",10.2,0.05,,,,,0.8,,,,,1.0,,81.0,Junge Erbsen,Rewe Bio,,,
REWE Beste Wahl Himbeeren 500g,"2,69 €","500g (1 kg = 5,38 €)",False,Tiefkühlkost,5.38,12.5,8.3,2.1,2.3,2.3,"{'unit': 'calories', 'value': 82.0}",14.6,80.0,,,,,1.2,,,,,1.0,,82.0,Himbeeren,Rewe Beste Wahl,,,
REWE Beste Wahl Laugenstangen 700g,"1,99 €","718g (1 kg = 2,77 €)",False,Tiefkühlkost,2.77,42.0,2.6,0.0,0.2,8.1,"{'unit': 'calories', 'value': 213.0}",42.0,1250.0,0.0,0.0,0.0,0.0,1.0,0.0,0.0,0.0,0.0,1.0,0.0,213.0,Laugenstangen,Rewe Beste Wahl,,,
REWE Beste Wahl Heidelbeeren 500g,"2,69 €","500g (1 kg = 5,38 €)",False,Tiefkühlkost,5.38,9.1,8.9,,0.1,0.5,"{'unit': 'calories', 'value': 49.0}",9.1,,,,,,0.5,,,,,1.0,,49.0,Heidelbeeren,Rewe Beste Wahl,,,
REWE Beste Wahl Laugenbrezeln 770g,"1,99 €","770g (1 kg = 2,58 €)",False,Tiefkühlkost,2.58,39.5,2.4,,0.2,7.6,"{'unit': 'calories', 'value': 201.0}",39.5,,,,,,0.9,,,,,1.0,,201.0,Laugenbreze,Rewe Beste Wahl Laugenbrezeln,,,
REWE Beste Wahl Pizza Classica Ziegenkäse...,"2,19 €","315g (1 kg = 6,95 €)",False,Tiefkühlkost,6.95,26.3,4.6,,6.9,7.9,"{'unit': 'calories', 'value': 282.0}",26.3,980.0,,,,,15.7,,,,,1.0,,282.0,Pizza Classica Ziegenkäse,Rewe Beste Wahl,,,
REWE Regional Laugenbrezen 5 Stück,"2,49 €","618g (1 kg = 4,03 €)",False,Tiefkühlkost,4.03,1.0,1.0,,7.2,12.0,"{'unit': 'calories', 'value': 214.0}",1.0,2000.0,,,,,18.0,,,,,1.0,,214.0,Delikatess Bockwürstchen 5 Stück - ja!,Rewe,,,
Coppenrath & Wiese 6 Dinkel-Brötchen 420g,"3,29 €","420g (1 kg = 7,83 €)",False,Tiefkühlkost,7.83,47.0,2.0,5.1,1.0,10.8,"{'unit': 'calories', 'value': 297.0}",52.1,44.0,,1.2,,1.0,6.4,,3.3,,,1.0,,297.0,Dinkel-brötchen,Coppenrath & Wiese,,,
REWE Beste Wahl Erdbeeren 500g,"2,69 €","500g (1 kg = 5,38 €)",False,Tiefkühlkost,5.38,16.6,16.3,,,0.3,"{'unit': 'calories', 'value': 73.0}",16.6,3.0,,,,,0.1,,0.1,,,1.0,,73.0,Erdbeeren,Rewe beste Wahl,,,
REWE Bio Blattspinat 600g,"2,39 €","600g (1 kg = 3,98 €)",False,Tiefkühlkost,3.98,0.6,0.0,0.0,0.0,2.5,"{'unit': 'calories', 'value': 17.0}",0.6,0.0,0.0,0.0,0.0,0.0,0.1,0.0,0.0,0.0,0.0,1.0,0.0,17.0,Bio Blattspinat,Rewe,,,
REWE Bio Himbeeren tiefgefroren 300g,"2,69 €","300g (1 kg = 8,97 €)",False,Tiefkühlkost,8.97,7.3,0.0,0.0,0.1,1.1,"{'unit': 'calories', 'value': 49.0}",7.3,0.0,0.0,0.0,0.0,0.0,0.8,0.0,0.0,0.0,0.0,1.0,0.0,49.0,"Himbeeren, Tiefgefroren",Rewe,,,
Original Wagner Piccolinis Salami 270g,"3,49 €","9x30g (1 kg = 12,93 €)",False,Tiefkühlkost,12.93,27.3,1.7,1.7,5.1,10.9,"{'unit': 'calories', 'value': 263.0}",29.0,1500.0,0.0,0.0,0.0,0.0,11.9,0.0,0.0,0.0,0.0,1.0,0.0,263.0,Piccolinis Salami,Original Wagner,,,
"Iglo Fischstäbchen 450g, 15 Stück","4,49 €","450g (1 kg = 9,98 €)",False,Tiefkühlkost,9.98,27.0,1.3,1.1,0.9,20.0,"{'unit': 'calories', 'value': 298.0}",28.1,630.0,,,,,12.0,,,,,1.0,,298.0,Fischstäbchen (At) - 15 Stück Packung,Iglo,,,
REWE Bio Petersilie 50g,"0,99 €","50g (1 kg = 19,80 €)",False,Tiefkühlkost,19.8,3.6,1.1,3.9,0.1,2.8,"{'unit': 'calories', 'value': 38.0}",7.5,,,,,,0.5,,,,,1.0,,38.0,Petersilie,bio Petersilie  Kaufland,,,
REWE Beste Wahl Himbeer-Heidelbeer-Mi...,"1,99 €","300g (1 kg = 6,63 €)",False,Tiefkühlkost,6.63,,,,,,,,,,,,,,,,,,,,,,,,,
REWE Beste Wahl Buttercroissants 360g,"3,69 €","360g (1 kg = 10,25 €)",False,Tiefkühlkost,10.25,47.0,,2.5,11.0,8.9,"{'unit': 'calories', 'value': 391.0}",49.5,,,,,,18.0,,,,,1.0,,391.0,Buttercroissants,Rewe Beste Wahl,,,
"Frosta Fischstäbchen MSC 450g, 15 Stück","3,99 €","450g (1 kg = 8,87 €)",False,Tiefkühlkost,8.87,17.4,0.7,,,13.0,"{'unit': 'calories', 'value': 186.0}",17.4,,,,,,8.2,,,,,1.0,,186.0,MSC Fischstäbchen,Frosta,,,
REWE Bio Roggenbrötchen 6 Stüc...,"2,29 €","420g (1 kg = 5,45 €)",False,Tiefkühlkost,5.45,44.1,4.2,0.0,0.4,9.0,"{'unit': 'calories', 'value': 238.0}",44.1,0.0,0.0,0.0,0.0,0.0,1.7,0.0,0.0,0.0,0.0,1.0,0.0,238.0,Roggenbrötchen,Rewe Bio,,,
Iglo Rahm-Spinat portionierbar 750g,"3,29 €","750g (1 kg = 4,39 €)",False,Tiefkühlkost,4.39,1.8,0.0,0.0,0.0,2.6,"{'unit': 'calories', 'value': 42.0}",1.8,0.0,0.0,0.0,0.0,0.0,2.3,0.0,0.0,0.0,0.0,1.0,0.0,42.0,Rahm-Spinat Portionierbar,Aldi,,,
Gustavo Gusto Pizza Margherita 410g,"4,69 €","410g (1 kg = 11,44 €)",False,Tiefkühlkost,11.44,25.0,1.4,2.0,4.4,9.6,"{'unit': 'calories', 'value': 206.0}",27.0,1300.0,,,,,7.1,,,,,1.0,,206.0,Pizza Margherita,Gustavo Gusto,,,
REWE Beste Wahl 10 Mini Frühlingsrollen...,"2,59 €","280g (1 kg = 9,25 €)",False,Tiefkühlkost,9.25,30.7,0.0,0.0,1.2,2.8,"{'unit': 'calories', 'value': 259.0}",30.7,800.0,0.0,0.0,0.0,0.0,13.5,0.0,0.0,0.0,0.0,1.0,0.0,259.0,Mini Frühlingsrollen,Rewe Beste Wahl,,,
REWE Beste Wahl Mini Laugen-Mix 10er,"2,69 €","518g (1 kg = 5,19 €)",False,Tiefkühlkost,5.19,42.0,2.6,2.0,,8.1,"{'unit': 'calories', 'value': 213.0}",44.0,1.25,,,,,1.0,,,,,1.0,,213.0,Mini Laugen Mix,Rewe Beste Wahl,,,
Rewe Beste Wahl Mango in Würfeln 500g,"2,99 €","500g (1 kg = 5,98 €)",False,Tiefkühlkost,5.98,14.2,113.0,,0.1,0.5,"{'unit': 'calories', 'value': 60.0}",14.2,,,,,,0.1,,,,,1.0,,60.0,Mango in Würfeln,Rewe beste wahl,,,
McCain Pommes Frites Golden Longs 600g,"2,95 €","600g (1 kg = 4,92 €)",False,Tiefkühlkost,4.92,22.5,0.5,3.0,0.8,3.0,"{'unit': 'calories', 'value': 171.0}",25.5,,,2.8,,,7.0,,3.4,,,1.0,,171.0,Pommes,McCain Golden Longs,,,
REWE Bio Pommes Frites 750g,"2,49 €","750g (1 kg = 3,32 €)",False,Tiefkühlkost,3.32,24.5,1.0,2.0,0.5,2.5,"{'unit': 'calories', 'value': 145.0}",26.5,11.0,0.0,0.0,0.0,0.0,3.5,0.0,0.0,0.0,0.0,1.0,0.0,145.0,Bio Pommes Frites,Rewe,,,
REWE Beste Wahl Pommes Extra Dünn &...,"1,99 €","750g (1 kg = 2,65 €)",False,Tiefkühlkost,2.65,24.0,,,,2.5,"{'unit': 'calories', 'value': 156.0}",24.0,,,,,,5.0,,,,,1.0,,156.0,Pommes,Rewe Beste Wahl,,,
Frosta Bratkartoffel-Hähnchenpfanne 500g,"4,69 €","500g (1 kg = 9,38 €)",False,Tiefkühlkost,9.38,10.2,2.1,2.0,1.2,4.8,"{'unit': 'calories', 'value': 96.0}",12.2,0.74,,,,,3.5,,,,,1.0,,96.0,Bratkartoffel Hähnchenpfanne,,,,
REWE Bio Schnittlauch 50g,"0,99 €","50g (1 kg = 19,80 €)",False,Tiefkühlkost,19.8,3.0,1.0,,6.5,4.0,"{'unit': 'calories', 'value': 262.0}",3.0,,,,,,26.0,,,,,1.0,,262.0,Frischecreme Schnittlauch,Rewe Bio,,,
Coppenrath & Wiese 9 Baguette-Brötchen 540g,"2,29 €","540g (1 kg = 4,24 €)",False,Tiefkühlkost,4.24,30.0,0.0,1.5,0.0,5.0,"{'unit': 'calories', 'value': 152.0}",31.5,0.0,0.0,0.0,0.0,0.0,0.0,0.0,0.0,0.36,0.0,1.0,0.0,152.0,Baguette Brötchen,Coppenrath & Wiese,,,
Golden Toast Vollkorn-Toast 500g,"1,89 €","500g (1 kg = 3,78 €)",False,"Brot, Cerealien & Aufstriche",3.78,10.5,0.0,1.6,0.1,2.2,"{'unit': 'calories', 'value': 64.0}",12.1,0.0,0.0,0.0,0.0,0.0,1.1,0.0,0.0,0.0,0.0,1.0,0.0,64.0,Vollkorn Toast,Vollkorn Toast Golden Toast,,,
BE-KIND Dark Chocolate Nuts & Sea Salt 40g,"1,99 €","40g (1 kg = 49,75 €)",False,"Brot, Cerealien & Aufstriche",49.75,16.0,5.4,7.0,3.2,5.6,"{'unit': 'calories', 'value': 197.0}",23.0,350.0,0.0,0.0,0.0,0.0,15.0,0.0,0.0,0.0,0.0,1.0,0.0,197.0,Dark Chocolate Nuts & Sea Salt (40g),Kind,,,
BE-KIND Honey Roasted Nuts & Sea Salt 40g,"1,99 €","40g (1 kg = 49,75 €)",False,"Brot, Cerealien & Aufstriche",49.75,37.0,12.0,9.4,5.2,15.5,"{'unit': 'calories', 'value': 513.0}",46.4,0.0,0.0,0.0,0.0,0.0,38.0,0.0,0.0,0.0,0.0,1.0,0.0,513.0,Honey Roasted Nuts & Sea Salt,Be Kind,,,
REWE Beste Wahl Bäcker-Brötchen 360g,"0,99 €","360g (1 kg = 2,75 €)",False,"Brot, Cerealien & Aufstriche",2.75,30.3,1.68,,0.18,5.22,"{'unit': 'calories', 'value': 151.2}",30.3,300.0,,,,,0.6,,,,,1.0,,151.0,Bäcker Brötchen,Rewe Beste Wahl,,,
MadeGood Bio Granola Riegel Gemischte Beer...,"3,19 €","144g (1 kg = 22,15 €)",False,"Brot, Cerealien & Aufstriche",22.15,15.0,5.5,,0.4,1.6,"{'unit': 'calories', 'value': 100.0}",15.0,,,,15.0,,3.2,,,,15.0,1.0,,100.0,Riegel,MadeGood,53.0,,
MadeGood Bio Chocolate Chip Granola Riegel...,"3,19 €","144g (1 kg = 22,15 €)",False,"Brot, Cerealien & Aufstriche",22.15,61.0,23.0,8.6,4.1,6.9,"{'unit': 'calories', 'value': 417.0}",69.6,20.0,,,,,14.0,,,,,1.0,,417.0,Chocolate Chip Granola Riegel,MadeGood,,,
Golden Toast Buttertoast 500g,"1,89 €","500g (1 kg = 3,78 €)",False,"Brot, Cerealien & Aufstriche",3.78,12.0,0.9,0.7,0.5,2.1,"{'unit': 'calories', 'value': 66.0}",12.7,138.0,,,,,1.0,,,,,1.0,,66.0,Buttertoast,Golden Toast,,,
REWE Bio zarte Haferflocken 500g,"0,89 €","500g (1 kg = 1,78 €)",False,"Brot, Cerealien & Aufstriche",1.78,57.0,0.7,9.5,1.3,12.5,"{'unit': 'calories', 'value': 360.0}",66.5,10.0,,,,,7.0,,,,,1.0,,360.0,Haferflocken (Zart) 500g,Rewe Ja!,,,
REWE Beste Wahl Unser Mildes 500g,"1,79 €","500g (1 kg = 3,58 €)",False,"Brot, Cerealien & Aufstriche",3.58,43.3,,,,7.4,"{'unit': 'calories', 'value': 224.0}",43.3,,,,,,1.0,,,,,1.0,,224.0,Unser mildes,Rewe beste Wahl,,,
Butcher's Burger Brioche Burger Buns 4 Stück,"1,69 €","250g (1 kg = 6,76 €)",False,"Brot, Cerealien & Aufstriche",6.76,47.0,8.7,,3.5,9.0,"{'unit': 'calories', 'value': 296.0}",47.0,1100.0,,,,,7.2,,,,,1.0,,296.0,Burger Buns Brioche,Butcher's Burger,,,
Golden Toast Dinkel Harmonie Sandwich...,"2,89 €","750g (1 kg = 3,85 €)",False,"Brot, Cerealien & Aufstriche",3.85,16.7,1.2,1.2,0.2,3.9,"{'unit': 'calories', 'value': 96.0}",17.9,4.7,0.0,0.0,0.0,0.0,1.3,0.0,0.0,0.0,0.0,1.0,0.0,96.0,Dinkel Harmonie Sandwich,Golden Toast  1 slice - 37,,,
Alpenhain Obazda 125g,"1,49 €","125g (1 kg = 11,92 €)",True,"Brot, Cerealien & Aufstriche",11.92,3.0,1.5,,19.0,13.0,"{'unit': 'calories', 'value': 328.0}",3.0,680.0,,,,,29.0,,,,,1.0,,328.0,Obazda,Alpenhain Obazda,,,
REWE Beste Wahl Kürbiskernbrot 500g,"2,19 €","500g (1 kg = 4,38 €)",False,"Brot, Cerealien & Aufstriche",4.38,16.0,1.2,0.0,0.4,3.6,"{'unit': 'calories', 'value': 107.0}",16.0,0.0,0.0,0.0,0.0,0.0,2.6,0.0,0.0,0.0,0.0,1.0,0.0,107.0,Kürbiskernbrot,REWE Beste Wahl,,,
Nutella 750g,"4,59 €","750g (1 kg = 6,12 €)",False,"Brot, Cerealien & Aufstriche",6.12,57.6,56.8,0.0,11.0,6.0,"{'unit': 'calories', 'value': 546.0}",57.6,0.114,0.0,0.0,0.0,0.0,31.6,0.0,0.0,0.0,0.0,1.0,0.0,546.0,750g,nutella,,,
Butcher's Burger Sesam Burger Buns 4 Stück,"1,19 €","300g (1 kg = 3,97 €)",False,"Brot, Cerealien & Aufstriche",3.97,50.8,6.6,3.2,0.5,9.0,"{'unit': 'calories', 'value': 293.0}",54.0,0.98,,,,,5.3,,,,,1.0,,293.0,Sesam Burger Buns,Butcher's Burger,,,
Nutella 450g,"3,29 €","450g (1 kg = 7,31 €)",False,"Brot, Cerealien & Aufstriche",7.31,22.9992,19.9985,1.998,10.5165,2.0017,"{'unit': 'calories', 'value': 200.17}",24.9972,15.17,3.996,0.0,0.0,0.0,11.0001,9.00333,0.0,150.59,0.0222,37.0,,200.0,Nutella,,0.0,,
REWE Beste Wahl Weiz...,"1,69 €","750g (1 kg = 2,25 €)",False,"Brot, Cerealien & Aufstriche",2.25,9.6,0.0,0.0,0.0,0.1,"{'unit': 'calories', 'value': 38.0}",9.6,0.0,0.0,0.0,0.0,0.0,0.0,0.0,0.0,0.0,0.0,1.0,0.0,38.0,Beste Wahl,Rewe,,,
REWE Beste Wahl Kartoffelbrot 500g,"1,99 €","500g (1 kg = 3,98 €)",False,"Brot, Cerealien & Aufstriche",3.98,24.0,0.6,,,4.0,"{'unit': 'calories', 'value': 118.0}",24.0,,,,,,0.5,,,,,1.0,,118.0,Kartoffelbrot,Rewe Beste Wahl,,,
Kölln Flocken blütenzart 500g,"1,69 €","500g (1 kg = 3,38 €)",False,"Brot, Cerealien & Aufstriche",3.38,55.8,1.2,11.1,1.3,13.8,"{'unit': 'calories', 'value': 361.0}",66.89999999999999,0.0,0.0,0.0,0.0,0.0,6.7,0.0,0.0,0.0,0.0,1.0,0.0,4.0,Blütenzart,Kölln Flocken,,,
Leicht&Cross Knusperbrot Vollkorn...,"1,39 €","125g (1 kg = 11,12 €)",False,"Brot, Cerealien & Aufstriche",11.12,18.0,0.0,0.0,0.13,2.9,"{'unit': 'calories', 'value': 96.0}",18.0,0.0,0.0,0.0,0.0,0.0,0.7,0.0,0.0,0.0,0.0,1.0,0.0,96.0,Knusperbrot Vollkorn,Leicht &  Cross,,,
Gottschaller Biohofbäckerei Bio...,"2,99 €","500g (1 kg = 5,98 €)",False,"Brot, Cerealien & Aufstriche",5.98,48.3,1.8,,0.2,8.0,"{'unit': 'calories', 'value': 249.0}",48.3,620.0,,,,,1.3,,,,,1.0,,249.0,Gottschaller Bio-Schwabenlaib,Gottschaller Biohofbäckerei,,,
Mestemacher Eiweißbrot 250g,"2,19 €","250g (1 kg = 8,76 €)",False,"Brot, Cerealien & Aufstriche",8.76,21.4,2.9,10.1,1.7,21.0,"{'unit': 'calories', 'value': 262.0}",31.5,542.0,,,,,12.5,,,,,1.0,,262.0,Eiweißbrot,Mestemacher,,,
"REWE Bio + vegan Streichcreme Paprika,...","1,19 €","180g (1 kg = 6,61 €)",True,"Brot, Cerealien & Aufstriche",6.61,4.3,4.0,0.0,0.0,7.0,"{'unit': 'calories', 'value': 335.0}",4.3,1.0,0.0,0.0,0.0,0.0,34.0,0.0,0.0,0.0,0.0,1.0,0.0,335.0,vegane Streichcreme,,,,
Golden Toast American Sandwich 375g,"1,79 €","375g (1 kg = 4,77 €)",False,"Brot, Cerealien & Aufstriche",4.77,17.6,1.3,1.1,0.5,3.0,"{'unit': 'calories', 'value': 98.0}",18.700000000000003,0.0,0.0,0.0,0.0,0.0,1.5,0.0,0.0,0.0,0.0,1.0,0.0,98.0,American Sandwich,Golden Toast,,,
REWE Feine Welt Brioche Francaise 400g,"2,89 €","400g (1 kg = 7,23 €)",False,"Brot, Cerealien & Aufstriche",7.23,51.0,14.0,,9.2,7.0,"{'unit': 'calories', 'value': 362.0}",51.0,1000.0,,,,,14.0,,,,,1.0,,362.0,Brioche,Rewe Feine Welt,,,
Ibis Steinofen Baguette 250g,"1,49 €","250g (1 kg = 5,96 €)",False,"Brot, Cerealien & Aufstriche",5.96,50.8,3.7,0.0,0.2,8.3,"{'unit': 'calories', 'value': 249.0}",50.8,1.38,0.0,0.0,0.0,0.0,0.9,0.0,0.0,0.0,0.0,1.0,0.0,249.0,Steinofen Baguette,IBIS,,,
Corny Schoko 6x25g,"1,79 €","6x25g (1 kg = 11,93 €)",False,"Brot, Cerealien & Aufstriche",11.93,13.4,0.4,0.0,1.2,1.5,"{'unit': 'calories', 'value': 67.0}",13.4,0.0,0.0,0.0,0.0,0.0,2.0,0.0,0.0,0.0,0.0,1.0,0.0,67.0,Schoko,Corny,,,
Fritz Mühlenbäckerei Bio Roggenbrot 750g,"4,45 €","750g (1 kg = 5,93 €)",False,"Brot, Cerealien & Aufstriche",5.93,38.0,0.5,,0.1,6.0,"{'unit': 'calories', 'value': 186.0}",38.0,1500.0,,,,,1.1,,,,,1.0,,186.0,Bio Roggenbrot 750g,Fritz Mühlenbäckerei,,,
Golden Toast Vollkorntoast 250g,"1,39 €","250g (1 kg = 5,56 €)",False,"Brot, Cerealien & Aufstriche",5.56,10.5,0.8,1.6,0.1,2.2,"{'unit': 'calories', 'value': 64.0}",12.1,0.0,0.0,0.0,0.0,0.0,1.1,0.0,0.0,0.0,0.0,1.0,0.0,64.0,Vollkorntoast,Golden Toast,,,
REWE Bio Maiswaffeln mit Meersalz 120g,"0,99 €","120g (1 kg = 8,25 €)",False,"Brot, Cerealien & Aufstriche",8.25,85.0,0.4,,0.3,8.1,"{'unit': 'calories', 'value': 389.0}",85.0,,,,,,1.5,,,,,1.0,,389.0,Maiswaffeln mit Meersalz,Rewe Bio,,,
REWE Bio Creamy Erdnussbutter 250g,"1,99 €","250g (1 kg = 7,96 €)",False,"Brot, Cerealien & Aufstriche",7.96,12.4,7.1,,14.1,25.9,"{'unit': 'calories', 'value': 631.0}",12.4,510.0,,,,,51.8,,,,,1.0,,631.0,Creamy Erdnussbutter,REWE Bio,,,
REWE Beste Wahl Americansandwich...,"1,89 €","750g (1 kg = 2,52 €)",False,"Brot, Cerealien & Aufstriche",2.52,9.6,0.0,0.0,0.0,0.1,"{'unit': 'calories', 'value': 38.0}",9.6,0.0,0.0,0.0,0.0,0.0,0.0,0.0,0.0,0.0,0.0,1.0,0.0,38.0,Beste Wahl,Rewe,,,
REWE Bio Blütenhonig 350g,"2,59 €","350g (1 kg = 7,40 €)",False,"Brot, Cerealien & Aufstriche",7.4,75.0,,,,0.4,"{'unit': 'calories', 'value': 306.0}",75.0,,,,,,0.5,,,,,1.0,,306.0,Blütenhonig,Rewe Bio,,,
Sinnack Kaiserbrötchen 220g,"0,99 €","220g (1 kg = 4,50 €)",False,"Brot, Cerealien & Aufstriche",4.5,46.0,2.8,,,9.4,"{'unit': 'calories', 'value': 239.0}",46.0,,,,,,1.1,,,,,1.0,,239.0,Kaiserbrötchen,Sinnack,,,
REWE Bio Fruchtaufstrich Erdbeere 250g,"1,99 €","250g (1 kg = 7,96 €)",False,"Brot, Cerealien & Aufstriche",7.96,37.0,37.0,,0.1,0.7,"{'unit': 'calories', 'value': 161.0}",37.0,0.03,,,,,0.5,,,,,1.0,,161.0,Fruchtaufstrich Erdbeere,Rewe Bio,,,
REWE Bio Aufstrich Mango-Papaya-Curry...,"1,19 €","180g (1 kg = 6,61 €)",True,"Brot, Cerealien & Aufstriche",6.61,6.8,6.0,,,4.8,"{'unit': 'calories', 'value': 335.0}",6.8,,,,,,31.7,,,,,1.0,,335.0,"Mango, Papaya & Curry Aufstrich",Rewe Bio,,,
REWE Bio Reiswaffeln glutenfrei 100g,"0,89 €","100g (1 kg = 8,90 €)",False,"Brot, Cerealien & Aufstriche",8.9,10.0,4.5,,2.6,1.2,"{'unit': 'calories', 'value': 83.0}",10.0,1.0,,,,,4.3,,,,,1.0,,83.0,Reiswaffeln Vollmilch (Glutenfrei),Rewe Bio,,,
Lieken Urkorn Kleines Kerni 250g,"1,39 €","250g (1 kg = 5,56 €)",False,"Brot, Cerealien & Aufstriche",5.56,13.6,1.2,2.8,0.3,2.4,"{'unit': 'calories', 'value': 88.0}",16.4,200.0,,,,,2.0,,,,,1.0,,88.0,Kleines Kerni,Lieken Urkorn,,,
REWE Beste Wahl Urväter Schnitten 500g,"2,29 €","500g (1 kg = 4,58 €)",False,"Brot, Cerealien & Aufstriche",4.58,46.5,2.0,,0.2,6.5,"{'unit': 'calories', 'value': 236.0}",46.5,1200.0,,,,,1.3,,,,,1.0,,236.0,Urväter Schnitten,Rewe Beste Wahl,,,
Golden Toast Vollkorn Sandwich 375g,"1,79 €","375g (1 kg = 4,77 €)",False,"Brot, Cerealien & Aufstriche",4.77,15.5,1.1,2.3,0.2,3.1,"{'unit': 'calories', 'value': 94.0}",17.8,0.5,0.0,0.9,0.0,0.0,1.7,0.0,0.6,0.0,0.0,1.0,0.0,94.0,Vollkorn Sandwich,Golden Toast,,,
Metaxas Griechischer Zaziki 200g,"1,69 €","200g (1 kg = 8,45 €)",False,"Brot, Cerealien & Aufstriche",8.45,4.3,3.5,0.0,5.9,3.7,"{'unit': 'calories', 'value': 149.0}",4.3,0.0,0.0,0.0,0.0,0.0,12.0,0.0,0.0,0.0,0.0,1.0,0.0,149.0,"Griechischer Zaziki, Becher, 200g",Griechische Feinkost METAXAS,,,
REWE Bio Weizenvollkorn...,"2,29 €","375g (1 kg = 6,11 €)",False,"Brot, Cerealien & Aufstriche",6.11,45.6,,,,9.6,"{'unit': 'calories', 'value': 255.0}",45.6,,,,,,3.1,,,,,1.0,,255.0,Bio Weizenvollkorn,REWE,,,
Popp Brotaufstrich Eiersalat 150g,"1,79 €","150g (1 kg = 11,93 €)",False,"Brot, Cerealien & Aufstriche",11.93,5.0,3.0,0.0,3.4,7.8,"{'unit': 'calories', 'value': 284.0}",5.0,675.0,0.0,0.0,0.0,0.0,25.7,0.0,0.0,0.0,0.0,1.0,0.0,284.0,Brotaufstrich (Eiersalat),Popp,,,
REWE Beste Wahl Goldweizen 1kg,"2,49 €",1000g,False,"Brot, Cerealien & Aufstriche",,45.7,1.9,,0.2,8.3,"{'unit': 'calories', 'value': 236.0}",45.7,1200.0,,,,,1.2,,,,,1.0,,236.0,Beste Wahl Goldweizen,Rewe,,,
REWE Beste Wahl Spaghetti N°3 500g,"1,39 €","500g (1 kg = 2,78 €)",False,Kochen & Backen,2.78,73.0,3.0,,0.3,14.0,"{'unit': 'calories', 'value': 366.0}",73.0,4.0,0.0,0.0,0.0,0.0,1.3,0.0,0.0,0.0,0.0,1.0,0.0,366.0,Spaghetti,Rewe Beste Wahl,,,
Wieninger Frische Hefe 42g,"0,15 €","42g (1 kg = 3,57 €)",False,Kochen & Backen,3.57,1.1,0.1,6.9,,16.7,"{'unit': 'calories', 'value': 83.0}",8.0,,,,,,1.2,,,2000.0,,1.0,,83.0,"Generic - Hefe, Frisch",,,,
REWE Bio Weizenmehl Type 550 1kg,"0,99 €",1000g,False,Kochen & Backen,,71.0,0.0,0.0,0.2,9.8,"{'unit': 'calories', 'value': 341.0}",71.0,0.0,0.0,0.0,0.0,0.0,1.1,0.0,0.0,0.0,0.0,1.0,0.0,341.0,Weizenmehl Type 550,Rewe Bio,,,
REWE Beste Wahl Tagliatelle N°304 500g,"1,89 €","500g (1 kg = 3,78 €)",False,Kochen & Backen,3.78,31.0,0.5,0.0,0.5,7.0,"{'unit': 'calories', 'value': 180.0}",31.0,4.0,0.0,0.0,0.0,0.0,2.5,0.0,0.0,0.0,0.0,1.0,0.0,180.0,Tagliatelle,Rewe Beste Wahl,,,
REWE Bio Naturland Fusilli 500g,"0,85 €",500g,False,Kochen & Backen,,0.0,,,,31.0,"{'unit': 'calories', 'value': 165.0}",0.0,,,,,,3.6,,,,,1.0,,165.0,Hähnchenbrustfilet,Naturland  Rewe Bio,,,
Südzucker Feinster Zucker 500g,"1,49 €","500g (1 kg = 2,98 €)",False,Kochen & Backen,2.98,100.0,100.0,0.0,0.0,0.0,"{'unit': 'calories', 'value': 400.0}",100.0,0.0,0.0,0.0,0.0,0.0,0.0,0.0,0.0,0.0,0.0,1.0,0.0,400.0,Feinster Zucker,Südzucker,,,
Barilla Spaghetti Nr.5 500g,"2,09 €","500g (1 kg = 4,18 €)",False,Kochen & Backen,4.18,71.0,3.0,3.0,0.0,12.0,"{'unit': 'calories', 'value': 356.0}",74.0,0.0,0.0,0.0,0.0,0.0,1.0,0.0,0.0,0.0,0.0,1.0,0.0,356.0,Spaghetti Nr. 5,Barilla,,,
REWE Beste Wahl Gnocchi 400g,"1,89 €","400g (1 kg = 4,73 €)",False,Kochen & Backen,4.73,32.0,0.3,,0.3,3.3,"{'unit': 'calories', 'value': 149.0}",32.0,,,,,,0.6,,,,,1.0,,149.0,Gnocchi,Gnocchi Rewe Beste Wahl,,,
REWE Bio Frische Backhefe 42g,"0,59 €","42g (1 kg = 14,05 €)",False,Kochen & Backen,14.05,2.88,,1.89,,3.24,"{'unit': 'calories', 'value': 25.65}",4.77,4.5,7.2,,0.0,0.0,0.135,1.8,,180.0,0.0,1.0,,26.0,Backhefe,Rewe Bio,,,
Barilla Penne Rigate Nr.73 500g,"2,09 €","500g (1 kg = 4,18 €)",False,Kochen & Backen,4.18,72.2,0.4,,0.2,12.0,"{'unit': 'calories', 'value': 350.0}",72.2,,,,,,1.5,,,,,1.0,,350.0,Penne Rigate No.73,Barilla,,,
Rosenmehl Weizenmehl Type 405 1kg,"1,69 €",1kg,False,Kochen & Backen,1.69,72.3,0.7,2.8,0.1,10.0,"{'unit': 'calories', 'value': 343.0}",75.1,0.4,0.0,0.0,0.0,0.0,1.0,0.0,0.0,0.0,0.0,1.0,0.0,343.0,Weizenmehl Type 405,Rosenmehl,,,
Barilla Fusilli Nr.98 500g,"2,09 €","500g (1 kg = 4,18 €)",False,Kochen & Backen,4.18,71.7,3.5,3.0,0.3,12.5,"{'unit': 'calories', 'value': 356.0}",74.7,,,,,,1.5,,,,,1.0,,356.0,Fussili (Nr. 98),Barilla,,,
Südzucker Feiner Rübenzucker 1kg,"1,79 €",1000g,False,Kochen & Backen,,100.0,100.0,,,0.0,"{'unit': 'calories', 'value': 400.0}",100.0,,,,,,0.0,,,,,1.0,,400.0,Rübenzucker,Südzucker,,,
REWE Bio Mezze Penne 500g,"0,85 €","500g (1 kg = 1,70 €)",False,Kochen & Backen,1.7,1.0,0.0,0.0,0.0,1.0,"{'unit': 'calories', 'value': 80.0}",1.0,0.0,0.0,0.0,0.0,0.0,1.0,0.0,0.0,0.0,0.0,1.0,0.0,80.0,Bio Äpfel 500g,REWE,,,
REWE Bio Naturland Linguine 500g,"0,85 €",500g,False,Kochen & Backen,,0.0,,,,31.0,"{'unit': 'calories', 'value': 165.0}",0.0,,,,,,3.6,,,,,1.0,,165.0,Hähnchenbrustfilet,Naturland  Rewe Bio,,,
Barilla Integrale Vollkorn Fusilli 500g,"2,59 €","500g (1 kg = 5,18 €)",False,Kochen & Backen,5.18,64.0,3.5,8.0,0.5,13.0,"{'unit': 'calories', 'value': 347.0}",72.0,5.12,0.0,0.0,0.0,0.0,2.5,0.0,0.0,0.0,0.0,1.0,0.0,347.0,Integrale Vollkorn Fusilli,Barilla,,,
REWE Bio Tortiglioni 500g,"0,85 €","500g (1 kg = 1,70 €)",False,Kochen & Backen,1.7,73.0,,,,12.0,"{'unit': 'calories', 'value': 358.0}",73.0,,,,,,1.5,,,,,1.0,,358.0,Tortiglioni Pasta,Rewe Bio,,,
REWE Bio Penne Vollkorn 500g,"0,85 €","500g (1 kg = 1,70 €)",False,Kochen & Backen,1.7,66.7,3.5,0.0,0.5,12.5,"{'unit': 'calories', 'value': 351.0}",66.7,0.01,0.0,0.0,0.0,0.0,2.5,0.0,0.0,0.0,0.0,1.0,0.0,351.0,Vollkorn Penne,Rewe Bio,,,
REWE Bio Rote Linsen 500g,"1,65 €","500g (1 kg = 3,30 €)",False,Kochen & Backen,3.3,50.0,1.1,,0.3,25.5,"{'unit': 'calories', 'value': 341.0}",50.0,,,,,,1.5,,,,,1.0,,341.0,Rote Linsen,Rewe Bio,,,
REWE Beste Wahl Brauner Rohrzucker 500g,"1,69 €","500g (1 kg = 3,38 €)",False,Kochen & Backen,3.38,100.0,0.0,0.0,0.0,0.0,"{'unit': 'calories', 'value': 400.0}",100.0,0.0,0.0,0.0,0.0,0.0,0.0,0.0,0.0,0.0,0.0,1.0,0.0,400.0,brauner Rohrzucker,Südzucker,,,
REWE Beste Wahl Risotto-Reis 500g,"1,99 €","500g (1 kg = 3,98 €)",False,Kochen & Backen,3.98,72.0,0.3,,0.4,6.9,"{'unit': 'calories', 'value': 331.0}",72.0,10.0,,,,,1.3,,,,,1.0,,331.0,Risotto Reis,Rewe Beste Wahl,,,
Barilla Maccheroni Nr.44 500g,"2,09 €","500g (1 kg = 4,18 €)",False,Kochen & Backen,4.18,69.7,0.0,3.0,0.0,14.0,"{'unit': 'calories', 'value': 359.0}",72.7,5.0,0.0,0.0,0.0,0.0,2.0,0.0,0.0,0.0,0.0,1.0,0.0,359.0,Maccheroni #44,Barilla,,,
Barilla Piccolini Mini Penne Rigate 500g,"2,09 €","500g (1 kg = 4,18 €)",False,Kochen & Backen,4.18,72.2,3.5,3.0,0.5,11.5,"{'unit': 'calories', 'value': 356.0}",75.2,2.0,,,,,2.0,,,,,1.0,,356.0,Piccolini Mini Penne Rigate,Barilla,,,
Barilla Tortiglioni Nr.83 500g,"2,09 €","500g (1 kg = 4,18 €)",False,Kochen & Backen,4.18,72.2,3.5,3.0,0.3,12.0,"{'unit': 'calories', 'value': 356.0}",75.2,0.0,0.0,0.0,0.0,0.0,1.5,0.0,0.0,0.0,0.0,1.0,0.0,356.0,Tortiglioni no 83,Barilla,,,
Oryza Himalaya Basmati 1kg,"4,49 €",1000g,False,Kochen & Backen,,76.0,0.2,2.2,0.3,8.9,"{'unit': 'calories', 'value': 353.0}",78.2,0.01,0.0,0.0,0.0,0.0,1.0,0.0,0.0,0.0,0.0,1.0,0.0,353.0,Himalaya Basmati,Oryza,,,
Barilla Mezzi Rigatoni Al Bronzo 400g,"1,89 €","400g (1 kg = 4,73 €)",True,Kochen & Backen,4.73,69.7,3.5,3.0,0.4,14.0,"{'unit': 'calories', 'value': 359.0}",72.7,,,,,,2.0,,,,,1.0,,359.0,Mezzi Rigatoni al Bronzo,Barilla,,,
REWE Beste Wahl Weizenmehl Type 405...,"1,29 €",1kg,False,Kochen & Backen,1.29,69.0,0.4,4.0,0.1,12.0,"{'unit': 'calories', 'value': 341.0}",73.0,,,,,,1.0,,,,,1.0,,341.0,Weizenmehl Type 405,Rewe,,,
REWE Bio Kakao 125g,"1,99 €","125g (1 kg = 15,92 €)",False,Kochen & Backen,15.92,8.9,0.4,,12.6,19.4,"{'unit': 'calories', 'value': 370.0}",8.9,,,,,,21.0,,,,,1.0,,370.0,Bio Kakao,Rewe,,,
Henglein Kartoffel-Gnocchi 500g,"2,99 €","500g (1 kg = 5,98 €)",False,Kochen & Backen,5.98,32.0,2.0,0.0,0.2,3.1,"{'unit': 'calories', 'value': 158.0}",32.0,0.0,0.0,0.0,0.0,0.0,1.4,0.0,0.0,0.0,0.0,1.0,0.0,158.0,Kartoffel Gnocchi,henglein,,,
REWE Bio Fusilli Vollkorn Dinkel 500g,"1,55 €","500g (1 kg = 3,10 €)",False,Kochen & Backen,3.1,66.0,3.2,11.0,0.5,12.3,"{'unit': 'calories', 'value': 349.0}",77.0,3.0,,,,,2.6,,,,,1.0,,349.0,Fusilli Dinkel Vollkorn Urkorn-pasta,Rewe Bio,,,
REWE Beste Wahl Gnocchi 1kg,"3,69 €",1000g,False,Kochen & Backen,,32.0,0.3,,0.3,3.3,"{'unit': 'calories', 'value': 149.0}",32.0,,,,,,0.6,,,,,1.0,,149.0,Gnocchi,Gnocchi Rewe Beste Wahl,,,
Barilla Fusilloni Al Bronzo 400g,"1,89 €","400g (1 kg = 4,73 €)",True,Kochen & Backen,4.73,69.7,3.5,3.0,,14.0,"{'unit': 'calories', 'value': 359.0}",72.7,,,,,,2.0,,,,,1.0,,359.0,Al bronzo,Barilla,,,
Barilla Spaghetti Vollkorn Integrale 500g,"2,59 €","500g (1 kg = 5,18 €)",False,Kochen & Backen,5.18,,,,,,,,,,,,,,,,,,,,,,,,,
REWE Beste Wahl Lasagneplatten 500g,"1,89 €","500g (1 kg = 3,78 €)",False,Kochen & Backen,3.78,5.3,4.5,,1.1,1.4,"{'unit': 'calories', 'value': 57.0}",5.3,,,,,,2.9,,,,,1.0,,57.0,italienisches Pfannengemüse 500g,REWE Beste Wahl,,,
Delverde Spaghetti 500g,"1,89 €","500g (1 kg = 3,78 €)",False,Kochen & Backen,3.78,72.0,3.1,3.2,0.3,12.5,"{'unit': 'calories', 'value': 357.0}",75.2,,,,,,1.4,,,,,1.0,,357.0,Spaghetti (Hartweizengrieß),Spaghetti (Delverde),,,
Barilla Integrale Vollkorn Penne Rigate 500g,"2,59 €","500g (1 kg = 5,18 €)",False,Kochen & Backen,5.18,64.0,3.5,8.0,0.5,13.0,"{'unit': 'calories', 'value': 347.0}",72.0,13.0,,,,,2.5,21.0,,,,1.0,,347.0,Penne Rigate - Integrale,Barilla,,,
Barilla Spaghettini Nr.3 500g,"2,09 €","500g (1 kg = 4,18 €)",False,Kochen & Backen,4.18,60.3,,2.6,0.4,10.9,"{'unit': 'calories', 'value': 309.0}",62.9,5.0,,,,,1.7,,,,,1.0,,309.0,Spaghettini n.3,Barilla 500g,,,
REWE Bio Dinkelmehl Type 630 1kg,"1,59 €",1000g,False,Kochen & Backen,,72.0,1.0,0.0,0.1,12.0,"{'unit': 'calories', 'value': 352.0}",72.0,0.0,0.0,0.0,0.0,0.0,1.3,0.0,0.0,0.0,0.0,1.0,0.0,352.0,Dinkelmehl Type 630,REWE Bio,,,
Barilla Pastasauce Basilico 400g,"3,19 €","400g (1 kg = 7,98 €)",False,"Öle, Soßen & Gewürze",7.98,6.8,6.5,,,1.4,"{'unit': 'calories', 'value': 39.0}",6.8,,,,,,0.3,,,,,1.0,,39.0,Pastasauce Basilico,Norma,,,
"Knorr Soße zu Braten Extra 280g ergibt 2,5l","2,99 €","280g (1 kg = 10,68 €)",False,"Öle, Soßen & Gewürze",10.68,7.3,1.3,0.5,0.5,0.9,"{'unit': 'calories', 'value': 41.0}",7.8,1300.0,,,,,0.8,,,,,1.0,,41.0,Soße Zu Braten Extra,Knorr,,,
REWE Bio Tomatenmark 200g,"1,29 €","200g (1 kg = 6,45 €)",False,"Öle, Soßen & Gewürze",6.45,16.3,0.0,0.0,0.1,4.0,"{'unit': 'calories', 'value': 93.0}",16.3,0.0,0.0,0.0,0.0,0.0,0.6,0.0,0.0,0.0,0.0,1.0,0.0,93.0,Tomatenmark,Rewe Bio Tomatenmark,,,
Knorr Salatkrönung Dill Kräuter Dressing 45g,"1,49 €","45g (1 kg = 33,11 €)",False,"Öle, Soßen & Gewürze",33.11,4.5,4.0,0.3,7.0,0.3,"{'unit': 'calories', 'value': 440.0}",4.8,,,,,,46.0,,,,,1.0,,440.0,Salatkrönung - Dill-kräuter,Knorr,,,
Knorr Tomato al Gusto Kräuter Soße 370 g,"1,99 €","370g (1 kg = 5,38 €)",False,"Öle, Soßen & Gewürze",5.38,6.1,,,,1.2,"{'unit': 'calories', 'value': 39.0}",6.1,,,,,,0.8,,,,,1.0,,39.0,Tomato al Gusto Kräuter Soße Packung,knorr,,,
REWE Bio Passata passierte Tomaten 700g,"1,69 €","700g (1 kg = 2,41 €)",False,"Öle, Soßen & Gewürze",2.41,3.4,,,,1.5,"{'unit': 'calories', 'value': 24.0}",3.4,,,,,,0.1,,,,,1.0,,24.0,Passierte Tomaten,Rewe Bio,,,
Barilla Pastasauce Arrabbiata 400g,"3,19 €","400g (1 kg = 7,98 €)",False,"Öle, Soßen & Gewürze",7.98,9.0,6.0,,0.2,2.0,"{'unit': 'calories', 'value': 63.0}",9.0,0.85,,,,,1.7,,,,,1.0,,63.0,Pastasauce Arrabbiata,GoÖko,,,
Bad Reichenhaller Marken-Jodsalz mit...,"0,89 €","500g (1 kg = 1,78 €)",False,"Öle, Soßen & Gewürze",1.78,0.0,0.0,0.0,0.0,0.0,"{'unit': 'calories', 'value': 0.0}",0.0,3856.0,,0.0,,0.0,0.0,,0.0,0.0,,1.0,,0.0,Marken Jodsalz,Bad Reichenhaller,,,
Barilla Pastasauce Napoletana 400g,"3,19 €","400g (1 kg = 7,98 €)",False,"Öle, Soßen & Gewürze",7.98,6.2,5.2,1.8,0.4,1.4,"{'unit': 'calories', 'value': 67.0}",8.0,960.0,,,,,3.7,,,,,1.0,,67.0,Napoletana 400g,Barilla,,,
REWE Beste Wahl Röstzwiebeln 150g,"1,29 €","150g (1 kg = 8,60 €)",False,"Öle, Soßen & Gewürze",8.6,42.0,6.0,,22.0,6.0,"{'unit': 'calories', 'value': 597.0}",42.0,1500.0,,,,,44.0,,,,,1.0,,597.0,Röstzwiebeln,REWE Beste Wahl,,,
Surig Essigessenz hell 400g,"1,49 €","400g (1 kg = 3,73 €)",False,"Öle, Soßen & Gewürze",3.73,0.1,0.0,0.0,0.1,0.1,"{'unit': 'calories', 'value': 15.0}",0.1,0.0,0.0,0.0,0.0,0.0,0.1,0.0,0.0,0.0,0.0,1.0,0.0,15.0,Surig Essigessenz,Surig Essigessenz,,,
Barilla Pastasauce Toscana Kräuter 400g,"3,19 €","400g (1 kg = 7,98 €)",False,"Öle, Soßen & Gewürze",7.98,5.9,,,,1.4,"{'unit': 'calories', 'value': 68.0}",5.9,,,,,,4.0,,,,,1.0,,68.0,toscana kräuters,barilla,,,
REWE Bio Naturland Tomatensauce Kräuter...,"1,89 €","350g (1 kg = 5,40 €)",False,"Öle, Soßen & Gewürze",5.4,6.5,5.5,,,1.5,"{'unit': 'calories', 'value': 68.0}",6.5,,,,,,3.5,,,,,1.0,,68.0,Tomatensauce Kräuter,Rewe bio,,,
Barilla Pesto Rosso 200g,"3,59 €","200g (1 kg = 17,95 €)",False,"Öle, Soßen & Gewürze",17.95,12.0,7.8,2.3,3.4,3.8,"{'unit': 'calories', 'value': 329.0}",14.3,,,,,,29.0,,,,,1.0,,329.0,Pesto Rosso,Barilla,,,
Barilla Pastasauce Pomodoro 400g,"3,19 €","400g (1 kg = 7,98 €)",False,"Öle, Soßen & Gewürze",7.98,9.6,9.6,0.0,1.2,1.2,"{'unit': 'calories', 'value': 64.0}",9.6,0.0,0.0,0.0,0.0,0.0,1.9,0.0,0.0,0.0,0.0,1.0,0.0,64.0,Pastasauce Pomodoro,Dr. Oetker,,,
REWE Beste Wahl Jodsalz 500g,"0,75 €","500g (1 kg = 1,50 €)",False,"Öle, Soßen & Gewürze",1.5,,,,,,,,,,,,,,,,,,,,,,,,,
Surig Essig Essenz 1000ml,"3,59 €",1000g,False,"Öle, Soßen & Gewürze",,0.0,0.0,0.0,0.0,0.0,"{'unit': 'calories', 'value': 0.0}",0.0,0.0,0.0,0.0,0.0,0.0,0.0,0.0,0.0,0.0,0.0,1.0,0.0,0.0,Essig-essenz,Surig,,,
Bad Reichenhaller Marken-Jodsalz 500g,"0,69 €","500g (1 kg = 1,38 €)",False,"Öle, Soßen & Gewürze",1.38,0.0,0.0,0.0,0.0,0.0,"{'unit': 'calories', 'value': 0.0}",0.0,3856.0,,0.0,,0.0,0.0,,0.0,0.0,,1.0,,0.0,Marken Jodsalz,Bad Reichenhaller,,,
Barilla Pastasauce Base per Bolognese 400g,"3,19 €","400g (1 kg = 7,98 €)",False,"Öle, Soßen & Gewürze",7.98,6.0,5.0,1.5,0.4,1.3,"{'unit': 'calories', 'value': 68.0}",7.5,,,,,,4.0,,,,,1.0,,68.0,Base per Bolognese,Barilla,,,
Knorr Salatkrönung Gartenkräuter Dressing...,"1,49 €","40g (1 kg = 37,25 €)",False,"Öle, Soßen & Gewürze",37.25,0.0,6.0,0.0,0.0,0.0,"{'unit': 'calories', 'value': 30.0}",0.0,0.0,0.0,0.0,0.0,0.0,0.0,0.0,0.0,0.0,0.0,1.0,0.0,30.0,Salatkrönung Gartenkräuter,Knorr,,,
REWE Bio Tomaten in Stücken 280g,"0,85 €","280g (1 kg = 2,13 €)",False,Fertiggerichte & Konserven,2.13,3.0,3.0,,0.0,1.3,"{'unit': 'calories', 'value': 21.0}",3.0,,,,,,0.1,,,,,1.0,,21.0,Tomaten in Stücken,Rewe Bio,,,
Saupiquet Thunfisch-Salat Cous Cous 160g,"2,99 €","160g (1 kg = 18,69 €)",False,Fertiggerichte & Konserven,18.69,15.0,0.0,0.0,2.0,10.0,"{'unit': 'calories', 'value': 238.0}",15.0,0.0,0.0,4.5,0.0,0.0,15.0,0.0,8.5,0.0,0.0,1.0,0.0,238.0,Thunfisch Salat Cous Cous,Saupiquet,,,
REWE Bio Kichererbsen 215g,"0,85 €","215g (1 kg = 3,95 €)",False,Fertiggerichte & Konserven,3.95,14.0,0.4,0.0,0.4,6.5,"{'unit': 'calories', 'value': 120.0}",14.0,0.1,0.0,0.0,0.0,0.0,2.7,0.0,0.0,0.0,0.0,1.0,0.0,120.0,Kichererbsen,REWE Bio,,,
Saupiquet MSC Thunfisch-Salat Mexica...,"2,99 €","160g (1 kg = 18,69 €)",False,Fertiggerichte & Konserven,18.69,10.0,0.0,3.5,2.5,9.5,"{'unit': 'calories', 'value': 216.0}",13.5,0.0,0.0,6.4,0.0,0.0,14.5,0.0,5.6,0.0,0.0,1.0,0.0,216.0,Thunfisch-Salat,saupiquet,,,
REWE Bio Sonnenmais 140g,"0,89 €","140g (1 kg = 6,36 €)",False,Fertiggerichte & Konserven,6.36,12.0,4.9,,0.5,2.9,"{'unit': 'calories', 'value': 89.0}",12.0,,,,,,2.4,,,,,1.0,,89.0,Bio Sonnenmais,Rewe,,,
Saupiquet MSC Thunfisch-Salat Wester...,"2,99 €","160g (1 kg = 18,69 €)",False,Fertiggerichte & Konserven,18.69,8.5,1.0,,1.9,11.0,"{'unit': 'calories', 'value': 187.0}",8.5,,,,,,11.0,,,,,1.0,,187.0,Thunfisch Salat,Saupiquet,,,
REWE Bio Passata passierte Tomaten 700g,"1,69 €","700g (1 kg = 2,41 €)",False,Fertiggerichte & Konserven,2.41,3.4,,,,1.5,"{'unit': 'calories', 'value': 24.0}",3.4,,,,,,0.1,,,,,1.0,,24.0,Passierte Tomaten,Rewe Bio,,,
Meggle Klassik Baguette Kräuter-Butter 160g,"1,39 €","160g (1 kg = 8,69 €)",True,Fertiggerichte & Konserven,8.69,38.0,2.6,,8.2,7.0,"{'unit': 'calories', 'value': 302.0}",38.0,1400.0,,,,,13.0,,,,,1.0,,302.0,Klassik Baguette (Kräuter-Butter),Meggle,,,
Bürger Vegane Maultaschen 300g,"1,89 €","300g (1 kg = 6,30 €)",True,Fertiggerichte & Konserven,6.3,28.9,3.1,3.3,0.2,7.8,"{'unit': 'calories', 'value': 172.0}",32.199999999999996,480.0,0.0,0.0,0.0,0.0,2.1,0.0,0.0,0.0,0.0,1.0,0.0,172.0,Maultaschen,Bürger Maultaschen Vegan,,,
REWE Bio Apfelmark 360g,"0,85 €","360g (1 kg = 2,36 €)",False,Fertiggerichte & Konserven,2.36,11.6,11.1,1.7,,0.3,"{'unit': 'calories', 'value': 55.0}",13.299999999999999,,,,,,0.4,,,,,1.0,,55.0,Apfelmark 360g,Dm Bio,,,
Meggle Laugenbaguette Kräuterbutter 160g,"1,59 €","160g (1 kg = 9,94 €)",True,Fertiggerichte & Konserven,9.94,35.0,3.6,0.0,9.6,6.3,"{'unit': 'calories', 'value': 308.0}",35.0,0.0,0.0,0.0,0.0,0.0,15.0,0.0,0.0,0.0,0.0,1.0,0.0,308.0,Laugenbaguette Kräuterbutter,Meggle,,,
REWE Beste Wahl Sonnenmais Superswe...,"0,79 €","140g (1 kg = 5,64 €)",False,Fertiggerichte & Konserven,5.64,17.1,8.8,,0.6,3.6,"{'unit': 'calories', 'value': 116.0}",17.1,,,,,,2.5,,,,,1.0,,116.0,Sonnenmais,Rewe Beste Wahl,,,
Settele Eier-Spätzle Knöpfle 500g,"2,19 €","500g (1 kg = 4,38 €)",False,Fertiggerichte & Konserven,4.38,26.0,3.1,,0.6,5.5,"{'unit': 'calories', 'value': 150.0}",26.0,,,,,,2.5,,,,,1.0,,150.0,"Eier-spätzle ""knöpfle""",Settele,,,
Mutti Bio Gehackte Tomaten 400g,"1,89 €","400g (1 kg = 4,73 €)",False,Fertiggerichte & Konserven,4.73,3.9,3.9,0.0,0.1,1.1,"{'unit': 'calories', 'value': 23.0}",3.9,0.0,0.0,0.0,0.0,0.0,0.5,0.0,0.0,0.0,0.0,1.0,0.0,23.0,Gehackte  Tomaten,Bio,,,
Meggle Klassik Baguette Knoblauch-Butter 160g,"1,39 €","160g (1 kg = 8,69 €)",True,Fertiggerichte & Konserven,8.69,38.0,,,,7.0,"{'unit': 'calories', 'value': 302.0}",38.0,,,,,,13.0,,,,,1.0,,302.0,Klassik Baguett Knoblauch,Meggle,,,
Bürger Schwäbische Maultaschen traditione...,"2,19 €","360g (1 kg = 6,08 €)",False,Fertiggerichte & Konserven,6.08,16.08,0.0,0.0,0.0,8.28,"{'unit': 'calories', 'value': 129.0}",16.08,0.0,0.0,0.0,0.0,0.0,4.86,0.0,0.0,0.0,0.0,1.0,0.0,129.0,Maultaschen Schwäbisch,Bürger,,,
Pomito Passierte Tomaten 500g,"1,49 €","500g (1 kg = 2,98 €)",False,Fertiggerichte & Konserven,2.98,5.5,4.0,1.5,0.0,1.3,"{'unit': 'calories', 'value': 27.0}",7.0,220.0,,,,,0.2,,,,,1.0,,27.0,Passierte Tomaten,Pomito,,,
REWE Beste Wahl Kartoffelsalat mit Essig...,"1,69 €","400g (1 kg = 4,23 €)",False,Fertiggerichte & Konserven,4.23,15.0,4.6,,0.5,1.6,"{'unit': 'calories', 'value': 122.0}",15.0,,,,,,5.8,,,,,1.0,,122.0,Kartoffelsalat mit Essig & Öl,REWE Beste Wahl,,,
Tante Fanny Frischer Flammkuchenteig 260g,"1,79 €","260g (1 kg = 6,88 €)",False,Fertiggerichte & Konserven,6.88,48.0,2.9,1.6,1.8,7.8,"{'unit': 'calories', 'value': 262.0}",49.6,880.0,,0.0,,0.0,4.0,,0.0,0.0,,1.0,0.0,262.0,Frischer Flammkuchenteig,Tante Fanny,,,
Henglein Kartoffelnudeln 500g,"2,89 €","500g (1 kg = 5,78 €)",False,Fertiggerichte & Konserven,5.78,30.0,2.5,,0.2,3.0,"{'unit': 'calories', 'value': 148.0}",30.0,440.0,,,,,1.2,,,,,1.0,,148.0,Kartoffelnudeln,Henglein,,,
REWE Beste Wahl stückige Tomaten 400g,"1,19 €","400g (1 kg = 2,98 €)",False,Fertiggerichte & Konserven,2.98,3.3,,,0.0,1.3,"{'unit': 'calories', 'value': 22.0}",3.3,,,,,,0.2,,,,,1.0,,22.0,Stückige Tomaten,Rewe Beste Wahl,,,
REWE Beste Wahl Passierte Tomaten 500g,"1,19 €","500g (1 kg = 2,38 €)",False,Fertiggerichte & Konserven,2.38,4.0,4.0,0.0,0.1,1.3,"{'unit': 'calories', 'value': 28.0}",4.0,200.0,0.0,0.0,0.0,0.0,0.2,0.0,0.0,0.0,0.0,1.0,0.0,28.0,Passierte Tomaten,Rewe Beste Wahl,,,
Settele G'schabte Spätzle 500g,"2,19 €","500g (1 kg = 4,38 €)",False,Fertiggerichte & Konserven,4.38,26.0,0.5,0.0,0.7,6.2,"{'unit': 'calories', 'value': 158.0}",26.0,1000.0,0.0,0.0,0.0,0.0,3.1,0.0,0.0,0.0,0.0,1.0,0.0,158.0,(K) G'schabte Spätzle,Settele,,,
REWE Bio Gemüsemais 230g,"0,85 €","230g (1 kg = 3,70 €)",False,Fertiggerichte & Konserven,3.7,14.8,,,,2.9,"{'unit': 'calories', 'value': 91.0}",14.8,,,,,,1.5,,,,,1.0,,91.0,Gemüsemais Bio,Rewe,,,
Bonduelle Goldmais 285g,"1,79 €","285g (1 kg = 6,28 €)",False,Fertiggerichte & Konserven,6.28,12.0,6.3,2.8,0.2,2.9,"{'unit': 'calories', 'value': 75.0}",14.8,,,,,,1.2,,,,,1.0,,75.0,Bonduelle Goldmais,Bonduelle,,,
REWE Bio Grüne Oliven 180g,"1,89 €","180g (1 kg = 10,50 €)",False,Fertiggerichte & Konserven,10.5,3.1,0.5,,3.3,1.1,"{'unit': 'calories', 'value': 194.0}",3.1,2.0,,,,,18.7,,,,,1.0,,194.0,Grüne Oliven,Rewe Bio,,,
REWE Bio Apfelmark 700g,"1,49 €","700g (1 kg = 2,13 €)",False,Fertiggerichte & Konserven,2.13,11.8,11.2,,0.1,0.3,"{'unit': 'calories', 'value': 57.0}",11.8,,,,,,0.4,,,,,1.0,,57.0,Bio Apfelmark,Rewe,,,
Bonduelle Goldmais 140g,"1,39 €","140g (1 kg = 9,93 €)",False,Fertiggerichte & Konserven,9.93,12.0,6.3,2.8,0.2,2.9,"{'unit': 'calories', 'value': 75.0}",14.8,,,,,,1.2,,,,,1.0,,75.0,Bonduelle Goldmais,Bonduelle,,,
REWE Beste Wahl Brotzeit-Gurken süß...,"1,39 €","290g (1 kg = 4,79 €)",False,Fertiggerichte & Konserven,4.79,9.1,,,,0.3,"{'unit': 'calories', 'value': 42.0}",9.1,,,,,,0.1,,,,,1.0,,42.0,Brotzeit Gurken,Rewe beste Wahl,,,
Mutti Polpa Feinstes Tomatenfruchtfleisch...,"1,69 €","400g (1 kg = 4,23 €)",False,Fertiggerichte & Konserven,4.23,3.9,2.8,,0.1,1.2,"{'unit': 'calories', 'value': 26.0}",3.9,,,,,,0.2,,,,,1.0,,26.0,Polpa Feinstes Tomatenfruchtfleisch,Solo Pomodoro Mutti Parma,,,
REWE Bio Kidney-Bohnen 400g,"0,99 €","255g (1 kg = 2,48 €)",False,Fertiggerichte & Konserven,2.48,12.0,0.0,6.5,0.0,6.9,"{'unit': 'calories', 'value': 95.0}",18.5,270.0,,,,,0.7,,,,,1.0,,95.0,Kidney-Bohnen,Rewe Bio,,,
Yum Yum Chicken Flavour 60g,"0,69 €","60g (1 kg = 11,50 €)",False,Fertiggerichte & Konserven,11.5,10.1,0.5,,1.6,1.3,"{'unit': 'calories', 'value': 76.0}",10.1,0.7,,,,,3.3,,,,,1.0,,76.0,vegetable flavour 60g,yum yum,,,
Henglein Pizzateig XXL 550g,"2,69 €","550g (1 kg = 4,89 €)",False,Fertiggerichte & Konserven,4.89,45.0,2.5,,0.7,6.6,"{'unit': 'calories', 'value': 267.0}",45.0,1930.0,,,,,5.4,,,,,1.0,,267.0,Pizzateig Xxl,Henglein,,,
REWE Beste Wahl Oliven geschwärzt ohne Stein...,"1,79 €","135g (1 kg = 13,26 €)",False,Fertiggerichte & Konserven,13.26,0.0,,,2.2,0.5,"{'unit': 'calories', 'value': 125.0}",0.0,,,,,,13.0,,,,,1.0,,125.0,Geschwärzte Oliven,Rewe beste Wahl,,,
REWE Beste Wahl weiße riesen Bohnen 250g,"1,49 €","250g (1 kg = 5,96 €)",False,Fertiggerichte & Konserven,5.96,8.2,0.3,6.3,0.1,5.0,"{'unit': 'calories', 'value': 69.0}",14.5,200.0,0.0,0.0,0.0,0.0,0.4,0.0,0.0,0.0,0.0,1.0,0.0,69.0,Weiße Bohnen,Rewe Beste Wahl,,,
Mutti Passierte Tomaten 700g,"2,49 €","700g (1 kg = 3,56 €)",False,Fertiggerichte & Konserven,3.56,5.1,,,,1.6,"{'unit': 'calories', 'value': 36.0}",5.1,,,,,,0.3,,,,,1.0,,36.0,Passierte Tomaten,Mutti,,,
REWE Bio Kalamata Oliven ohne Stein 180g,"2,99 €","180g (1 kg = 16,61 €)",False,Fertiggerichte & Konserven,16.61,2.0,0.1,0.0,5.9,1.9,"{'unit': 'calories', 'value': 286.0}",2.0,0.0,0.0,0.0,0.0,0.0,29.0,0.0,0.0,0.0,0.0,1.0,0.0,286.0,Kalamata Oliven ohne Stein,Vendere,,,
Bonduelle Kichererbsen 265g,"1,79 €","265g (1 kg = 6,75 €)",False,Fertiggerichte & Konserven,6.75,14.7,0.0,7.7,0.2,6.4,"{'unit': 'calories', 'value': 120.0}",22.4,240.0,10.0,0.2,6.0,0.0,2.2,34.0,1.8,875.0,1.0,1.0,0.0,120.0,Kichererbsen,Bonduelle,,,
REWE Beste Wahl Delikatess-Gewürzgurk...,"1,59 €","360g (1 kg = 4,42 €)",False,Fertiggerichte & Konserven,4.42,0.5,0.5,0.0,1.0,25.0,"{'unit': 'calories', 'value': 121.0}",0.5,1575.0,0.0,0.0,0.0,0.0,2.0,0.0,0.0,0.0,0.0,1.0,0.0,121.0,Delikatess Lachsschinken,Rewe Beste Wahl,,,
REWE Beste Wahl Lasagne Bolognese 400g,"2,79 €","400g (1 kg = 6,98 €)",False,Fertiggerichte & Konserven,6.98,52.0,8.0,0.0,15.2,31.0,"{'unit': 'calories', 'value': 650.0}",52.0,4000.0,0.0,0.0,0.0,0.0,34.0,0.0,0.0,0.0,0.0,1.0,0.0,650.0,Lasagne Bolognese,Rewe (Beste Wahl),,,
Settele Schwäbische Maultaschen 300g,"1,99 €","300g (1 kg = 6,63 €)",False,Fertiggerichte & Konserven,6.63,27.0,1.7,,3.4,8.4,"{'unit': 'calories', 'value': 221.0}",27.0,,,,,,8.6,,,,,1.0,,221.0,Maultaschen Schwäbische,Settele,,,
Hitschler Fruchtgummi Bunte Drachenzungen...,"0,99 €","125g (1 kg = 7,92 €)",True,Süßes & Salziges,7.92,82.0,0.0,0.0,1.2,2.3,"{'unit': 'calories', 'value': 369.0}",82.0,0.0,0.0,0.0,0.0,0.0,2.2,0.0,0.0,0.0,0.0,1.0,0.0,369.0,Saurer Fruchtgummi,Hitschler Bunte Drachenzungen,,,
Kluth Nuss-Mix geröstet & gesalzen 275g,"3,99 €","275g (1 kg = 14,51 €)",False,Süßes & Salziges,14.51,12.0,4.2,,6.9,26.0,"{'unit': 'calories', 'value': 605.0}",12.0,,,,,,48.0,,,,,1.0,,605.0,Nuss-Mix (gesalzen&geröstet),Kluth,,,
"Bounty Schokoriegel 9x28,5g","2,39 €","256,50g",False,Süßes & Salziges,,,6.8,,1.62,3.71,"{'unit': 'calories', 'value': 293.55}",,202.0,,2.08,,,15.78,,4.66,,,1.0,,294.0,Schokoriegel,Bounty Doppelriegel,,,
"Kinder Riegel 18 Stück, 378g","4,49 €","18x21g (1 kg = 11,88 €)",False,Süßes & Salziges,11.88,53.5,53.5,,22.6,8.7,"{'unit': 'calories', 'value': 566.0}",53.5,,,,,,35.0,,,,,1.0,,566.0,kinder,kinder Riegel,,,
Twix Minis Schokoriegel 275g,"3,99 €",275g,False,Süßes & Salziges,,24.3,18.4,0.0,5.1,1.7,"{'unit': 'calories', 'value': 185.0}",24.3,0.15,0.0,0.0,0.0,0.0,8.9,0.0,0.0,0.0,0.0,1.0,0.0,185.0,Schokoriegel,Twix,,,
M&M's Peanut 250g,"3,99 €","250g (1 kg = 15,96 €)",False,Süßes & Salziges,15.96,16.0,14.0,1.0,3.0,3.0,"{'unit': 'calories', 'value': 140.0}",17.0,15.0,3.0,,,0.0,8.0,3.33333,,110.0,,28.0,0.0,140.0,Peanut M&M's,M&M's,0.0,,13.0
Snickers Schokoriegel 5x50g,"2,59 €",5x50g,False,Süßes & Salziges,,605.0,518.0,,79.0,86.0,"{'unit': 'calories', 'value': 481.0}",605.0,,,,,,225.0,,,,,1.0,,481.0,Snickers Schokoriegel,Snickers,,,
Funny-frisch Chipsfrisch ungarisch 150g,"1,99 €","150g (1 kg = 13,27 €)",False,Süßes & Salziges,13.27,74.0,,,,9.0,"{'unit': 'calories', 'value': 799.0}",74.0,,,,,,49.0,,,,,1.0,,799.0,Chipsfrisch ungarisch,Funny-Frisch-,,,
Twix Riegel 5x50g,"2,59 €","250g (1 kg = 10,36 €)",False,Süßes & Salziges,10.36,15.0,11.0,,3.2,1.0,"{'unit': 'calories', 'value': 113.0}",15.0,,,,,,5.4,,,,,1.0,,113.0,Twix Riegel,Twix Spekulatius Gewürz,,,
REWE Beste Wahl Erdnüsse grosse Kerne...,"1,29 €","200g (1 kg = 6,45 €)",False,Süßes & Salziges,6.45,11.0,6.7,,7.5,26.0,"{'unit': 'calories', 'value': 618.0}",11.0,,,,,,51.0,,,,,1.0,,618.0,Beste Wahl Erdnüsse grosse Kerne,Rewe,,,
Lorenz Naturals Kartoffelchips Rosmari...,"2,19 €","95g (1 kg = 23,05 €)",False,Süßes & Salziges,23.05,59.0,,,2.0,6.3,"{'unit': 'calories', 'value': 503.0}",59.0,,,,,,26.0,,,,,1.0,,503.0,Kartoffelchips,Lorenz,,,
Duplo 18 Stück,"4,49 €","18x18,20g (1 kg = 13,71 €)",False,Süßes & Salziges,13.71,56.0,50.4,,18.9,6.1,"{'unit': 'calories', 'value': 551.0}",56.0,,,,,,33.0,,,,,1.0,,551.0,Duplo,Duplo,,,
Kinder Country 9 Riegel,"2,79 €","9x23,50g (1 kg = 13,19 €)",False,Süßes & Salziges,13.19,12.9,11.5,,5.1,2.0,"{'unit': 'calories', 'value': 132.0}",12.9,,,,,,7.9,,,,,1.0,,132.0,Riegel,Kinder Country,,,
Hitschler Fruchtgummi-Schnüre 4 Farben 125g,"0,99 €","125g (1 kg = 7,92 €)",True,Süßes & Salziges,7.92,78.0,,,,3.0,"{'unit': 'calories', 'value': 355.0}",78.0,,,,,,3.0,,,,,1.0,,355.0,Erdbeer Schnüre Fruchtgummi,Hitschler,,,
Lotus Biscoff Kekse 250g,"1,79 €","250g (1 kg = 7,16 €)",False,Süßes & Salziges,7.16,5.7,3.0,,0.6,0.4,"{'unit': 'calories', 'value': 38.0}",5.7,,,,,,1.5,,,,,1.0,,38.0,Biscoff Kekse,Lotus,,,
Lorenz Naturals Kartoffelchips Leicht 80g,"2,19 €","80g (1 kg = 27,38 €)",False,Süßes & Salziges,27.38,59.0,,,2.0,6.3,"{'unit': 'calories', 'value': 503.0}",59.0,,,,,,26.0,,,,,1.0,,503.0,Kartoffelchips,Lorenz,,,
Huober Bio Knusperbrezel 175g,"1,79 €","175g (1 kg = 10,23 €)",False,Süßes & Salziges,10.23,70.9,0.0,3.1,2.8,10.9,"{'unit': 'calories', 'value': 389.0}",74.0,0.0,0.0,0.0,0.0,0.0,6.2,0.0,0.0,0.0,0.0,1.0,0.0,389.0,Schwäbische Knusperbrezel,Huober,,,
Lay's Chips gesalzen 150g,"1,99 €","150g (1 kg = 13,27 €)",False,Süßes & Salziges,13.27,16.0,0.2,1.4,0.7,1.7,"{'unit': 'calories', 'value': 151.0}",17.4,,,,,,8.4,,,,,1.0,,151.0,Chips Gesalzen,Lay's,,,
Prinzen Rolle Doppelkekse Kakao 400g,"2,29 €","400g (1 kg = 5,73 €)",False,Süßes & Salziges,5.73,68.0,31.0,3.3,11.0,5.8,"{'unit': 'calories', 'value': 473.0}",71.3,,,,,,19.0,,,,,1.0,,473.0,Doppelkekse Mit 46% Kakaocremefüllung,Prinzen Rolle,,,
Lorenz Saltletts Sticks Classic 250g,"2,19 €","250g (1 kg = 8,76 €)",False,Süßes & Salziges,8.76,71.0,,4.0,0.8,12.0,"{'unit': 'calories', 'value': 393.0}",75.0,1800.0,,,,,5.9,,,,,1.0,,393.0,saltletts sticks,lorenz,,,
Lorenz Naturals Kartoffelchips Meersalz...,"2,19 €","95g (1 kg = 23,05 €)",False,Süßes & Salziges,23.05,57.0,2.1,0.0,2.75,6.0,"{'unit': 'calories', 'value': 578.0}",57.0,0.0,0.0,0.0,0.0,0.0,35.0,0.0,0.0,0.0,0.0,1.0,0.0,578.0,Kartoffelchips mit  Meersalz,Lorenz Naturals,,,
Haribo Fruchtgummi Tropifrutti 175g,"1,19 €","175g (1 kg = 6,80 €)",False,Süßes & Salziges,6.8,82.0,63.0,0.0,0.1,4.5,"{'unit': 'calories', 'value': 349.0}",82.0,3.0,0.0,0.0,0.0,0.0,0.1,0.0,0.0,0.0,0.0,1.0,0.0,349.0,Haribo,Tropifrutti,,,
Kinder Bueno 10 Stück,"3,79 €","10x21,50g (1 kg = 17,63 €)",False,Süßes & Salziges,17.63,49.5,,,,8.6,"{'unit': 'calories', 'value': 572.0}",49.5,,,,,,37.3,,,,,1.0,,572.0,Kinder Bueno,Kinder Bueno,,,
Leibniz Butterkeks 200g,"1,89 €","200g (1 kg = 9,45 €)",False,Süßes & Salziges,9.45,75.0,23.0,2.6,6.8,7.7,"{'unit': 'calories', 'value': 435.0}",77.6,600.0,0.0,0.0,0.0,0.0,11.0,0.0,0.0,0.0,0.0,1.0,0.0,435.0,Butterkeks,Leibniz,,,
Wasa Tasty Snacks Sea Salt Crackers 180g,"2,99 €","180g (1 kg = 16,61 €)",False,Süßes & Salziges,16.61,9.5,0.5,0.9,0.2,1.8,"{'unit': 'calories', 'value': 62.0}",10.4,0.15,0.0,0.0,0.0,0.0,1.7,0.0,0.0,0.0,0.0,1.0,0.0,62.0,Sesame & Sea Salt,Wasa Tasty Snacks,,,
Toffifee 125g,"1,49 €","125g (1 kg = 11,92 €)",False,Süßes & Salziges,11.92,59.0,12.7,,28.8,6.0,"{'unit': 'calories', 'value': 522.0}",59.0,,,,,,82.8,,,,,1.0,,522.0,125g,toffifee,,,
REWE Bio Mandeln 200g,"2,29 €","200g (1 kg = 11,45 €)",False,Süßes & Salziges,11.45,5.7,3.4,,4.1,24.0,"{'unit': 'calories', 'value': 619.0}",5.7,,,,,,53.0,,,,,1.0,,619.0,Mandeln,Rewe Bio,,,
Lorenz Saltletts Brezel 200g,"2,19 €","200g (1 kg = 10,95 €)",False,Süßes & Salziges,10.95,69.0,2.7,,0.8,12.0,"{'unit': 'calories', 'value': 399.0}",69.0,4100.0,,,,,7.5,,,,,1.0,,399.0,Saltletts Brezel,Lorenz,,,
Kinder Schoko-Bons 300g,"4,69 €","300g (1 kg = 15,63 €)",False,Süßes & Salziges,15.63,3.0,3.0,,1.0,1.0,"{'unit': 'calories', 'value': 35.0}",3.0,5.0,,,,2.0,2.0,,,,,1.0,,35.0,Kinder Schoko-bons,Kinder Schoko-bons,,,
Lorenz Naturals Kartoffelchips Balsamic...,"2,19 €","95g (1 kg = 23,05 €)",False,Süßes & Salziges,23.05,59.0,,,2.0,6.3,"{'unit': 'calories', 'value': 503.0}",59.0,,,,,,26.0,,,,,1.0,,503.0,Kartoffelchips,Lorenz,,,
"Hanuta 220g, 10 Stück","2,79 €","10x22g (1 kg = 12,68 €)",False,Süßes & Salziges,12.68,11.6,0.0,0.0,0.0,0.0,"{'unit': 'calories', 'value': 115.0}",11.6,0.0,0.0,0.0,0.0,0.0,6.8,0.0,0.0,0.0,0.0,1.0,0.0,115.0,Hanuta,Hanuta,,,
"Kinder Riegel 10 Riegel, 210g","2,79 €","10x21g (1 kg = 13,29 €)",False,Süßes & Salziges,13.29,53.5,53.5,,22.6,8.7,"{'unit': 'calories', 'value': 566.0}",53.5,,,,,,35.0,,,,,1.0,,566.0,kinder,kinder Riegel,,,
Leibniz Butterkeks Choco Vollmilch 125g,"1,99 €","125g (1 kg = 15,92 €)",False,Süßes & Salziges,15.92,61.0,41.0,3.2,16.0,7.5,"{'unit': 'calories', 'value': 505.0}",64.2,,,,,,25.0,,,,,1.0,,505.0,Vollmilch Choco Butterkeks,Leibniz,,,
"Super Dickmann's 250g, 9 Stück","2,29 €","250g (1 kg = 9,16 €)",False,Süßes & Salziges,9.16,62.9,50.3,0.0,13.0,3.7,"{'unit': 'calories', 'value': 402.0}",62.9,0.0,0.0,0.0,0.0,0.0,15.0,0.0,0.0,0.0,0.0,1.0,0.0,402.0,Kokos Küsse,Super Dickmann's,,,
REWE Beste Wahl Noir Schokolade 100g,"1,19 €","100g (1 kg = 11,90 €)",False,Süßes & Salziges,11.9,26.1,18.3,,29.5,8.2,"{'unit': 'calories', 'value': 600.0}",26.1,,,,,,48.8,,,,,1.0,,600.0,Schokolade Noir,Rewe beste Wahl,,,
Knoppers Goodies 180g,"2,99 €","180g (1 kg = 16,61 €)",False,Süßes & Salziges,16.61,54.7,46.9,,18.1,8.5,"{'unit': 'calories', 'value': 542.0}",54.7,0.51,,,,,31.7,,,,,1.0,,542.0,Goodies,Knoppers,,,
Funny-frisch Pom-Bär Original 75g,"1,69 €","75g (1 kg = 22,53 €)",False,Süßes & Salziges,22.53,61.0,1.2,,2.5,3.1,"{'unit': 'calories', 'value': 513.0}",61.0,,,2.5,,,28.0,,23.0,,,1.0,,513.0,Pom-bär Original,Funny-frisch,,,
Seeberger Mangos ungezuckert 100g,"3,99 €","100g (1 kg = 39,90 €)",False,Süßes & Salziges,39.9,70.0,46.0,,0.3,2.1,"{'unit': 'calories', 'value': 317.0}",70.0,0.1,,,,0.0,0.7,,,,,1.0,,317.0,Mango (Ungezuckert),Seeberger,,,
Ritter Sport Nugat 100g,"1,49 €","100g (1 kg = 14,90 €)",False,Süßes & Salziges,14.9,53.0,51.0,,15.0,7.4,"{'unit': 'calories', 'value': 560.0}",53.0,130.0,,,,,35.0,,,,,1.0,,560.0,Nugat (100g),Ritter Sport,,,
Knoppers 8x25g,"2,19 €","8x25g (1 kg = 10,95 €)",False,Süßes & Salziges,10.95,12.6,8.6,0.0,4.7,2.5,"{'unit': 'calories', 'value': 137.0}",12.6,50.0,0.0,0.0,0.0,0.0,8.4,0.0,0.0,0.0,0.0,1.0,0.0,137.0,Knoppers,Knoppers,,,
Haribo Fruchtgummi Goldbären 175g,"1,19 €","175g (1 kg = 6,80 €)",False,Süßes & Salziges,6.8,77.0,46.0,,0.1,6.9,"{'unit': 'calories', 'value': 343.0}",77.0,,,,,,0.5,,,,,1.0,,343.0,Goldbären 175g,Haribo,,,
"Duplo 182g, 10 Stück","2,79 €","10x18,20g (1 kg = 15,33 €)",False,Süßes & Salziges,15.33,23.888,0.128,1.44,5.7056,25.472,"{'unit': 'calories', 'value': 491.2}",25.328000000000003,950.4,1.76,12.376,1.6,88.0,32.576,7.37778,10.4176,401.6,0.512,160.0,0.1968,491.0,10 Stück Chicken Nuggets,,2.8,,
Yogurette Erdbeere 100g,"1,39 €","8x12,50g (1 kg = 13,90 €)",False,Süßes & Salziges,13.9,7.1,6.9,0.2,2.6,0.6,"{'unit': 'calories', 'value': 72.0}",7.3,0.007,0.0,0.0,0.0,0.0,4.5,0.0,0.0,0.0,0.0,1.0,0.0,72.0,Yogurette Erdbeere,Ferrero  12,,,
REWE Beste Wahl Soft Cookies Triple Chocolat...,"1,69 €","210g (1 kg = 8,05 €)",False,Süßes & Salziges,8.05,61.0,29.0,,12.0,5.4,"{'unit': 'calories', 'value': 478.0}",61.0,,,,,,23.0,,,,,1.0,,478.0,Soft Muffin Cookies triple chocolate,Rewe Beste Wahl,,,
REWE Bio Hafercookie 300g,"1,49 €","300g (1 kg = 4,97 €)",False,Süßes & Salziges,4.97,1.8,1.5,,0.1,2.7,"{'unit': 'calories', 'value': 26.0}",1.8,0.05,,,,,0.3,,,,,1.0,,26.0,Bio Broccoli 300g,REWE,,,
"Mini Dickmann's Schoko Trio 200g, 24 Stück","2,29 €","200g (1 kg = 11,45 €)",False,Süßes & Salziges,11.45,5.34,4.36,0.1,0.82,0.36,"{'unit': 'calories', 'value': 35.0}",5.4399999999999995,,,,,,1.34,,,,,1.0,,35.0,Schoko Strolche,Dickmann's,,,
REWE Bio Kakao 125g,"1,99 €","125g (1 kg = 15,92 €)",False,"Kaffee, Tee & Kakao",15.92,8.9,0.4,,12.6,19.4,"{'unit': 'calories', 'value': 370.0}",8.9,,,,,,21.0,,,,,1.0,,370.0,Bio Kakao,Rewe,,,
Melitta BellaCrema La Crema Ganze...,"13,99 €",1000g,False,"Kaffee, Tee & Kakao",,0.0,0.0,0.0,0.0,0.0,"{'unit': 'calories', 'value': 1.0}",0.0,0.0,,0.0,,0.0,0.0,,0.0,0.0,,1.0,0.0,1.0,BellaCrema Espesso,Melitta,,,
Melitta BellaCrema Espresso Ganze...,"13,99 €",1000g,False,"Kaffee, Tee & Kakao",,0.0,0.0,0.0,0.0,0.0,"{'unit': 'calories', 'value': 1.0}",0.0,0.0,,0.0,,0.0,0.0,,0.0,0.0,,1.0,0.0,1.0,BellaCrema Espesso,Melitta,,,
Kaba Kakao 400g,"2,49 €","400g (1 kg = 6,23 €)",False,"Kaffee, Tee & Kakao",6.23,80.5,78.0,6.9,1.7,4.7,"{'unit': 'calories', 'value': 380.0}",87.4,120.0,0.0,0.0,0.0,0.0,2.8,0.0,0.0,0.0,0.0,1.0,0.0,380.0,Kakao,Kaba,,,
Melitta Manufaktur-Kaffee Caffè Crema Gan...,"11,99 €","500g (1 kg = 23,98 €)",False,"Kaffee, Tee & Kakao",23.98,0.0,0.0,0.0,0.0,0.0,"{'unit': 'calories', 'value': 0.0}",0.0,0.0,0.0,0.0,0.0,0.0,0.0,0.0,0.0,0.0,0.0,1.0,0.0,0.0,Kaffee,Melitta,,,
Melitta Manufaktur-Kaffee Espresso Ganze...,"11,99 €","500g (1 kg = 23,98 €)",False,"Kaffee, Tee & Kakao",23.98,0.0,0.0,0.0,0.0,0.0,"{'unit': 'calories', 'value': 0.0}",0.0,0.0,0.0,0.0,0.0,0.0,0.0,0.0,0.0,0.0,0.0,1.0,0.0,0.0,Kaffee,Melitta,,,
"Cupper Bio Tee Süßholz & Minze 30g, 20 Beutel","3,29 €","30g (1 kg = 109,67 €)",False,"Kaffee, Tee & Kakao",109.67,0.0,0.0,0.0,0.0,0.0,"{'unit': 'calories', 'value': 0.0}",0.0,0.0,0.0,0.0,0.0,0.0,0.0,0.0,0.0,0.0,0.0,1.0,0.0,0.0,Freude (Süßholz & Minze),Kirpa,,,
"Teekanne Italienische Limone 50g, 20 Beutel","1,95 €",50g (1 kg = 39 €),False,"Kaffee, Tee & Kakao",39.0,0.4,0.0,,0.0,0.0,"{'unit': 'calories', 'value': 2.0}",0.4,0.0,,0.0,,0.0,0.0,,0.0,,,1.0,0.0,2.0,Italienische Limone,Teekanne,,,
"Cupper Bio Tee Little Dreamer 30g, 20 Beutel","2,79 €",30g (1 kg = 93 €),True,"Kaffee, Tee & Kakao",93.0,0.0,0.0,0.0,0.0,0.0,"{'unit': 'calories', 'value': 0.0}",0.0,0.0,0.0,0.0,0.0,0.0,0.0,0.0,0.0,0.0,0.0,1.0,0.0,0.0,Weißer Tee,Cupper,,,
REWE Bio Röstkaffee gemahlen 500g,"5,25 €","500g (1 kg = 10,50 €)",False,"Kaffee, Tee & Kakao",10.5,0.0,0.0,0.0,0.0,0.0,"{'unit': 'calories', 'value': 6.0}",0.0,0.0,0.0,0.0,0.0,0.0,1.0,0.0,0.0,0.0,0.0,1.0,0.0,6.0,"Röstkaffee, gemahlen in Kapseln",Delizio,,,
REWE Bio Caffè Crema ganze Bohne 1kg,"10,45 €",1000g,False,"Kaffee, Tee & Kakao",,0.0,0.0,0.0,0.0,0.0,"{'unit': 'calories', 'value': 0.0}",0.0,0.0,0.0,0.0,0.0,0.0,0.0,0.0,0.0,0.0,0.0,1.0,0.0,0.0,Caffe Crema ganze Bohne,kaufland,,,
Dallmayr Prodomo 500g,"7,49 €","500g (1 kg = 14,98 €)",False,"Kaffee, Tee & Kakao",14.98,0.6,0.0,1.2,,0.4,"{'unit': 'calories', 'value': 4.0}",1.7999999999999998,,2.0,,,,0.2,0.2,,,,1.0,,4.0,Filterkaffee,Dallmayr Prodomo,,,
REWE Bio Kamillen Tee 30g,"1,29 €",30g (1 kg = 43 €),False,"Kaffee, Tee & Kakao",43.0,0.0,0.0,0.0,0.0,0.0,"{'unit': 'calories', 'value': 0.0}",0.0,0.0,0.0,0.0,0.0,0.0,0.0,0.0,0.0,0.0,0.0,1.0,0.0,0.0,Kamillen Tee,Mivolis,,,
"Teekanne Mediterraner Pfirsich 50g, 20 Beutel","1,95 €",50g (1 kg = 39 €),False,"Kaffee, Tee & Kakao",39.0,0.3,0.2,0.0,0.0,0.1,"{'unit': 'calories', 'value': 2.0}",0.3,0.0,0.0,0.0,0.0,0.0,0.1,0.0,0.0,0.0,0.0,1.0,0.0,2.0,Mediterraner Pfirsich,Teekanne,,,
Melitta Auslese Klassisch Filterkaffee gemahlen...,"5,99 €","500g (1 kg = 11,98 €)",False,"Kaffee, Tee & Kakao",11.98,0.0,0.0,0.0,0.0,0.0,"{'unit': 'calories', 'value': 3.0}",0.0,0.0,0.0,0.0,0.0,0.0,0.0,0.0,0.0,0.0,0.0,1.0,0.0,3.0,Melitta Auslese (Klassisch-mild) Stärke 3,Rewe,,,
REWE Bio Fenchel-Anis-Kümmel Tee 40g,"1,29 €","40g (1 kg = 32,25 €)",False,"Kaffee, Tee & Kakao",32.25,0.0,,,,0.0,"{'unit': 'calories', 'value': 0.0}",0.0,,,,,,0.0,,,,,1.0,,0.0,Tee Bio Fenchel Anis-Kümmel,Rewe,,,
REWE Bio Kaffeesahne 10% Fett 165g,"0,99 €",165g (1 kg = 6 €),False,"Kaffee, Tee & Kakao",6.0,4.7542,3.7172,0.0,6.4486,3.1652,"{'unit': 'calories', 'value': 115.806}",4.7542,60.103,10.9105,3.0437,1.51683,32.3016,9.5435,0.277778,0.5057,135.007,6.78033,100.0,0.4176,116.0,Kaffeesahne 10 % Fett,,1.45008,,
"REWE Bio Kräutertee 35g, 20 Beutel","0,99 €","35g (1 kg = 28,29 €)",False,"Kaffee, Tee & Kakao",28.29,0.0,,,,0.0,"{'unit': 'calories', 'value': 0.0}",0.0,,,,,,0.0,,,,,1.0,,0.0,Kräutertee,Rewe,,,
suchard express Kakao 400g,"2,29 €","400g (1 kg = 5,73 €)",False,"Kaffee, Tee & Kakao",5.73,14.0,1.9,,16.0,23.0,"{'unit': 'calories', 'value': 405.0}",14.0,,,,,,20.0,,,,,1.0,,405.0,Kakao,suchard express,,,
"Meßmer Pfefferminze 56g, 25 Beutel","2,35 €","56,25g (1 kg = 41,78 €)",False,"Kaffee, Tee & Kakao",41.78,,,,,,"{'unit': 'calories', 'value': 1.0}",,,,,,,,,,,,1.0,,1.0,Pfefferminze,Messmer,,,
"Meßmer Feinster Earl Grey 44g, 25 Beutel","2,35 €","43,75g (1 kg = 53,71 €)",False,"Kaffee, Tee & Kakao",53.71,0.2,,,,0.1,"{'unit': 'calories', 'value': 2.0}",0.2,,,,,,0.0,,,,,1.0,,2.0,Earl Grey frich-pikant,Meßmer,,,
Bärenmarke Die Ergiebige Kondensmilc...,"1,69 €","340g (1 kg = 4,97 €)",False,"Kaffee, Tee & Kakao",4.97,9.8,9.8,,6.7,5.9,"{'unit': 'calories', 'value': 153.0}",9.8,90.55,,,,,10.0,,,,,1.0,,153.0,Kondensmilch - Die Ergiebige 10%,Bärenmarke,,,
Lavazza Crema e Gusto 250g,"3,99 €","250g (1 kg = 15,96 €)",False,"Kaffee, Tee & Kakao",15.96,2.0,0.0,0.0,0.0,0.8,"{'unit': 'calories', 'value': 12.0}",2.0,0.0,0.0,0.0,0.0,0.0,0.0,0.0,0.0,0.0,0.0,1.0,0.0,12.0,crema e gusto,lavazza,,,
"Teekanne Fenchel-Anis-Kümmeltee 60g, 20...","1,99 €","60g (1 kg = 33,17 €)",False,"Kaffee, Tee & Kakao",33.17,0.2,0.2,0.0,0.2,0.2,"{'unit': 'calories', 'value': 2.5}",0.2,10.0,0.0,0.0,0.0,0.0,0.2,0.0,0.0,0.0,0.0,1.0,0.0,3.0,"Fenchel, Anis und Kümmeltee",Teekanne,,,
REWE Bio Milder Früchtetee 44g,"0,99 €","44g (1 kg = 22,50 €)",False,"Kaffee, Tee & Kakao",22.5,8.1,0.0,0.0,0.0,0.5,"{'unit': 'calories', 'value': 34.0}",8.1,0.0,0.0,0.0,0.0,0.0,0.1,0.0,0.0,0.0,0.0,1.0,0.0,34.0,früchtetee,rewe,,,
REWE Beste Wahl Brasil ganze Bohne 1kg,"9,99 €",1000g,False,"Kaffee, Tee & Kakao",,0.0,0.0,0.0,0.0,0.0,"{'unit': 'calories', 'value': 10.0}",0.0,0.0,0.0,0.0,0.0,0.0,0.0,0.0,0.0,0.0,0.0,1.0,0.0,10.0,Kolumbien Ganze Bohne,Rewe Beste Wahl,,,
REWE Beste Wahl Kondensmilch 4% Fett...,"0,69 €","200g (1 kg = 3,45 €)",False,"Kaffee, Tee & Kakao",3.45,7.5,7.5,0.0,13.0,2.5,"{'unit': 'calories', 'value': 225.0}",7.5,90.0,0.0,0.0,0.0,0.0,19.0,0.0,0.0,0.0,0.0,1.0,0.0,225.0,Sprühsahne 21%Fett,Rewe Beste Wahl,,,
"Teekanne Fruchtige Waldbeere 50g, 20...","1,99 €","50g (1 kg = 39,80 €)",False,"Kaffee, Tee & Kakao",39.8,,,,,,,,,,,,,,,,,,,,,,,,,
Bärenmarke Der Genussvolle Traum 8...,"1,29 €","170g (1 kg = 7,59 €)",False,"Kaffee, Tee & Kakao",7.59,9.4,9.4,0.0,5.4,6.4,"{'unit': 'calories', 'value': 135.0}",9.4,0.0,0.0,0.0,0.0,0.0,8.0,0.0,0.0,0.0,0.0,1.0,0.0,135.0,genussvolle Traum 8%,Bärenmarke,,,
"Cupper Bio Tee Be Happy 40g, 20 Beutel","2,79 €","40g (1 kg = 69,75 €)",True,"Kaffee, Tee & Kakao",69.75,0.0,0.0,0.0,0.0,0.0,"{'unit': 'calories', 'value': 0.0}",0.0,0.0,0.0,0.0,0.0,0.0,0.0,0.0,0.0,0.0,0.0,1.0,0.0,0.0,Weißer Tee,Cupper,,,
"REWE Bio Pfefferminztee 30g, 20 Beutel","1,29 €",30g (1 kg = 43 €),False,"Kaffee, Tee & Kakao",43.0,0.2,0.0,0.0,0.0,0.1,"{'unit': 'calories', 'value': 2.0}",0.2,0.0,0.0,0.0,0.0,0.0,0.1,0.0,0.0,0.0,0.0,1.0,0.0,2.0,Pfefferminztee,Rewe Bio,,,
"Jacobs Kaffeekapseln Lungo 8 Intenso, 20...","4,99 €","104g (1 kg = 47,98 €)",False,"Kaffee, Tee & Kakao",47.98,0.0,6.0,0.0,0.0,0.0,"{'unit': 'calories', 'value': 0.0}",0.0,0.0,0.0,0.0,0.0,0.0,0.0,0.0,0.0,0.0,0.0,1.0,0.0,0.0,lungo,jacobs,,,
Teekanne Ingwer Tee 36g 18 Beutel,"1,99 €","36g (1 kg = 55,28 €)",False,"Kaffee, Tee & Kakao",55.28,0.3,0.2,0.0,0.0,0.2,"{'unit': 'calories', 'value': 2.0}",0.3,,,,,,0.0,,,,,1.0,,2.0,Orange Ingwer Tee,Teekanne,,,
Meßmer Fenchel-Anis-Kümmel 50g,"2,35 €",50g (1 kg = 47 €),False,"Kaffee, Tee & Kakao",47.0,0.4,0.1,0.0,0.0,0.0,"{'unit': 'calories', 'value': 2.0}",0.4,0.0,0.0,0.0,0.0,0.0,0.0,0.0,0.0,0.0,0.0,1.0,0.0,2.0,Fenchel-Anis-Kümmel,Meßmer,,,
"Teekanne Spritziger Ingwer-Lemon 35g, 20...","1,99 €","35g (1 kg = 56,86 €)",False,"Kaffee, Tee & Kakao",56.86,0.1,0.1,,0.1,0.1,"{'unit': 'calories', 'value': 1.0}",0.1,10.0,,,,,0.1,,,,,1.0,,1.0,Ingwer Lemon,Teekanne,,,
Lavazza Caffè Espresso 250g,"4,99 €","250g (1 kg = 19,96 €)",False,"Kaffee, Tee & Kakao",19.96,0.0,0.0,0.0,0.027,0.036,"{'unit': 'calories', 'value': 0.6}",0.0,14.0,0.0,0.0,0.0,0.0,0.054,0.0,0.027,34.5,0.0,1.0,0.0,1.0,Caffè Espresso,Lavazza,,,
Bärenmarke Kondensmilch 12% Fet...,"1,39 €","170g (1 kg = 8,18 €)",False,"Kaffee, Tee & Kakao",8.18,9.0,0.0,0.0,0.0,6.0,"{'unit': 'calories', 'value': 135.0}",9.0,0.0,0.0,0.0,0.0,0.0,8.0,0.0,0.0,0.0,0.0,1.0,0.0,135.0,Kondensmilch,Bärenmarke,,,
"Meßmer Feinster Grüner Tee 44g, 25 Beutel","2,35 €","43,75g (1 kg = 53,71 €)",False,"Kaffee, Tee & Kakao",53.71,0.4,,0.0,0.0,0.0,"{'unit': 'calories', 'value': 2.0}",0.4,0.0,,0.0,,0.0,0.0,,0.0,0.0,,1.0,0.0,2.0,Feinster Grüner Tee,Meßmer,,,
Yogi Tea Bio Tee Kurkuma Chai 34g 17...,"2,49 €","34g (1 kg = 73,24 €)",True,"Kaffee, Tee & Kakao",73.24,0.0,,,,0.0,"{'unit': 'calories', 'value': 0.0}",0.0,,,,,,0.0,,,,,1.0,,0.0,Kurkuma Chai,Yogi Tea,,,
Dovgan Gezuckerte Kondensmilch 397g,"1,99 €","397g (1 kg = 5,01 €)",False,"Kaffee, Tee & Kakao",5.01,57.0,57.0,,6.0,7.0,"{'unit': 'calories', 'value': 328.0}",57.0,,,,,,8.0,,,,,1.0,,328.0,gezuckerte Kondensmilch,Dovgan gezuckerte Kondensmilch,,,
Nescafé Gold Löslicher Kaffee 200g,"9,99 €","200g (1 kg = 49,95 €)",False,"Kaffee, Tee & Kakao",49.95,8.9,,,,6.5,"{'unit': 'calories', 'value': 64.0}",8.9,,,,,,0.2,,,,,1.0,,64.0,löslicher Kaffee,Ja Gold löslicher Kaffee,,,
Lavazza Espresso Cremoso 1kg,"15,99 €",1000g,False,"Kaffee, Tee & Kakao",,0.0,,,0.092,0.12,"{'unit': 'calories', 'value': 2.0}",0.0,14.0,,,0.3,,0.18,,0.092,,,1.0,,2.0,Espresso,Lavazza,,,
"Meßmer Kamille 37,5g, 25 Beutel","2,35 €","37,50g (1 kg = 62,67 €)",False,"Kaffee, Tee & Kakao",62.67,0.2,0.0,0.0,0.0,0.0,"{'unit': 'calories', 'value': 1.0}",0.2,0.0,0.0,0.0,0.0,0.0,0.0,0.0,0.0,0.0,0.0,1.0,0.0,1.0,Kamille-Fenchel,Meßmer,,,
"Yogi Tea Bio Tee Classic 37,4g 17 Beutel","2,49 €","37,40g (1 kg = 66,58 €)",True,"Kaffee, Tee & Kakao",66.58,,,,,,,,,,,,,,,,,,,,,,,,,
