<!DOCTYPE html><html lang="de"><head><meta charset="UTF-8"><title>Fleisch &amp; Fisch online bestellen | REWE.de</title><meta name="viewport" content="width=device-width, initial-scale=1"><meta charSet="utf-8" /><meta name="description" content="Fleisch &amp; Fisch im Online-Supermarkt kaufen » Lieferung &amp; Abholung zum Wunschtermin ✓ Zeit &amp; Stress sparen ► jetzt bei REWE.de bestellen!" /><meta name="keywords" content="Fleisch &amp; Fisch" /><meta name="robots" content="index, follow" /><meta name="next-head-count" content="7" /><meta name="theme-color" content="cc071e" /><meta http-equiv="x-dns-prefetch-control" content="on" /><script>performance.mark("@REWE_HEAD_start");</script><link href="//shop.rewe-static.de" rel="preconnect" /><link href="//img.rewe-static.de" rel="preconnect" /><link href="https://shop.rewe-static.de/productlist-renderer/a624aa05490addfbe6445563a587fdab661c08a6/_next/static/css/4ea0e587f2ba9ad7.css" rel="preload" as="style" /><link href="https://shop.rewe-static.de/productlist-renderer/a624aa05490addfbe6445563a587fdab661c08a6/_next/static/css/7e71becf9db2c332.css" rel="preload" as="style" /><link href="https://shop.rewe.de/c/fleisch-fisch/" rel="canonical" meso-options="place-in-header" /><link href="https://shop.rewe-static.de/productlist-renderer/a624aa05490addfbe6445563a587fdab661c08a6/_next/static/css/7e71becf9db2c332.css" rel="stylesheet" data-n-g /><link href="https://shop.rewe-static.de/productlist-renderer/a624aa05490addfbe6445563a587fdab661c08a6/_next/static/css/4ea0e587f2ba9ad7.css" rel="stylesheet" data-n-p /><link href="https://shop.rewe-static.de/rewe-basket/5689-1-019f177e4/addToBasketButtonV2Bundle-style.css" rel="stylesheet" /><link href="https://shop.rewe-static.de/rewe-basket/5689-1-019f177e4/bubble-style.css" rel="stylesheet" /><link href="https://shop.rewe-static.de/rewe-duc-base/fonts/2.3.0/fonts.min.css" rel="stylesheet" media="all" /><link href="https://shop.rewe-static.de/rewe-myproducts/b0c5748b220aaf8bd2a2aed167bba4ca9b3027d0/css/FavoritesOverlordManager.min.css" rel="stylesheet" type="text/css" /><link href="https://shop.rewe-static.de/rewe-footer/7c1489ced4fe85089bb1e89f3477cca8d688ee64/rewe-footer.css" rel="stylesheet" media="print" onload="this.media='all'; this.onload=null;" /><link href="/favicon.ico" rel="icon" type="image/x-icon" /><link href="/icons/favicon-48.png" rel="icon" type="image/png" sizes="48x48" /><link href="/icons/favicon-144.png" rel="icon" type="image/png" sizes="144x144" /><link href="/icons/apple-touch-icon.png" rel="apple-touch-icon" sizes="180x180" /><link href="/manifest.json" rel="manifest" /><link href="https://shop.rewe-static.de/rewe-duc-base/normalize/8.0.1/normalize.min.css" rel="stylesheet" crossorigin /><link href="https://shop.rewe-static.de/design-system/dist/prod/assets/tokens.css" rel="stylesheet" crossorigin /><link href="https://shop.rewe-static.de/product-details-renderer/62578b2/css/product-service-bundle.css" rel="stylesheet" type="text/css" /><link href="https://shop.rewe-static.de/product-details-renderer/62578b2/css/product-tile-bundle.css" rel="stylesheet" type="text/css" /><link href="https://shop.rewe-static.de/flagship-renderer/db37d26/css/flagship-bundle.css" rel="stylesheet" type="text/css" meso-options="place-in-header" /><link href="https://shop.rewe-static.de/content-linklist/c04ba1c6cf7fb68e70c579507ec4b0249097a6ea/css/linklist.css" rel="stylesheet" /><link href="https://shop.rewe-static.de/head/3652b48479c918223a003bc4ff2094d4d9af163f/dist/shop-header-bundle.css" rel="stylesheet" type="text/css" /><link href="https://shop.rewe-static.de/rewe-basket/5689-1-019f177e4/basketLinkBundle-style.css" rel="stylesheet" /><link href="https://shop.rewe-static.de/stationary-newsletter-registration-page/static/css/app~main.e2fa54c950bb0f849804.css" rel="stylesheet" meso-options="place-in-header-last" /><link href="https://shop.rewe-static.de/mcfe/assets/mobileheaderbutton.7c5fa1aca523f1830170.css" rel="stylesheet" /><link href="https://shop.rewe-static.de/timeslot-service/2-8274/timeslots-button.css" rel="stylesheet" type="text/css" media="all" /><link href="https://shop.rewe-static.de/timeslot-service/2-8274/timeslots-popup.css" rel="stylesheet" type="text/css" media="all" /><link href="https://shop.rewe-static.de/timeslot-service/2-8274/components.css" rel="stylesheet" type="text/css" media="all" /><link href="https://shop.rewe-static.de/login-frontend/94150b5a83141f58e1e58f07561b7227699d0e34/assets/css/mobileLoginStatus.min.css" rel="stylesheet" /><link href="https://shop.rewe-static.de/mmds/9f12a40303859f1f98e424153da0a590b70a2f1c/logo.css" rel="stylesheet" /><link href="https://shop.rewe-static.de/mcfe/assets/headerbutton.22ebab6b11873ce20257.css" rel="stylesheet" /><link href="https://shop.rewe-static.de/login-frontend/94150b5a83141f58e1e58f07561b7227699d0e34/assets/css/desktopLoginStatus.min.css" rel="stylesheet" /><link href="https://shop.rewe-static.de/mcfe/assets/headerlink.ae40ccae917f9782fee5.css" rel="stylesheet" /><link href="https://shop.rewe-static.de/suggestions-renderer/a06ce0e49750e94dfecbe8ea1d80b65961b94056/suggestions-renderer.css" rel="stylesheet" /><link href="https://shop.rewe-static.de/rewe-navigation-service/71d52425805146f0ad50acb05dc63d0722428e40/css/navigation/navigationNoSvelteCss.min.css" rel="stylesheet" /><link href="https://shop.rewe-static.de/rewe-navigation-service/71d52425805146f0ad50acb05dc63d0722428e40/css/navigation/navigation.min.css" rel="stylesheet" /><script src="https://shop.rewe-static.de/rewe-duc-base/react/18.2.0/react.production.min.js"></script><script src="https://shop.rewe-static.de/rewe-duc-base/react/18.2.0/react-dom.production.min.js"></script><script src="https://shop.rewe-static.de/rewe-duc-base/jquery/3.7.1/jquery.min.js"></script><script src="https://shop.rewe-static.de/rewe-duc-base/xrd/0.4.4/xrd.min.js"></script><script src="https://shop.rewe-static.de/rewe-duc-base/ads/0.0.1/datomata.widget.js" async onerror="window.isAdblockerEnabled=true;"></script><script src="https://shop.rewe-static.de/gam-renderer/467501d/js/gam-bundle.js"></script><script src="https://securepubads.g.doubleclick.net/tag/js/gpt.js"></script><script src="https://shop.rewe-static.de/product-details-renderer/62578b2/js/product-service-bundle.js"></script><script src="https://shop.rewe-static.de/product-details-renderer/62578b2/js/product-tile-bundle.js"></script><script src="https://shop.rewe-static.de/flagship-renderer/db37d26/js/flagship-bundle.js" type="module"></script><script src="https://shop.rewe-static.de/rewe-basket/5689-1-019f177e4/addToBasketButtonV2Bundle.js"></script><script src="https://shop.rewe-static.de/stationary-newsletter-registration-page/static/js/app~teaser.48177113ab129e7e7ba7.js"></script><noscript data-n-css></noscript><script>performance.mark("@REWE_HEAD_end");performance.measure("@REWE_HEAD_duration", "@REWE_HEAD_start", "@REWE_HEAD_end");</script></head><body><link type="font/woff" href="https://shop.rewe-static.de/rewe-duc-base/fonts/2.3.0/UnitRoundedWeb.woff" crossorigin><link type="font/woff" href="https://shop.rewe-static.de/rewe-duc-base/fonts/2.3.0/UnitRoundedWeb-Medi.woff" crossorigin><link type="font/woff" href="https://shop.rewe-static.de/rewe-duc-base/fonts/2.3.0/UnitRoundedWeb-Bold.woff" crossorigin><link type="font/woff2" href="https://shop.rewe-static.de/rewe-duc-base/fonts/2.3.0/FiraSans-Medium.woff2" crossorigin><link type="font/woff2" href="https://shop.rewe-static.de/rewe-duc-base/fonts/2.3.0/FiraSans-Regular.woff2" crossorigin><style>html{box-sizing:border-box;-webkit-font-smoothing:antialiased;-moz-osx-font-smoothing:grayscale}*,*::before,*::after{box-sizing:inherit}</style><script>
        window.isAdblockerEnabled = false;
    </script><script>
		(function (XRD) {
			function ready(callback) {
				if (window.addEventListener) window.addEventListener("load", callback, false);
				else if (window.attachEvent) window.attachEvent("onload", callback);
				else XRD.logging.getLogger("duc-tracking-api").warn("did not identify any source of onload event.");
			}

			var contextData = {"reweMarket":{"id":"231011","chosenService":"lieferservice","city":""},"page":{"variant":""},"user":{"id":"981a15fb-f1f3-4ee2-adda-89e99b2b7d92","status":"logged-in","postcode":"86156","sc":"nc","intention":"lieferservice","reweBonusOptIn":"","cloudflareBotScore":94}};
			if(typeof XRD !== "undefined"){
				XRD._initAt = "2024-04-14 19:36:24.062161872 +0000 UTC";
				XRD.trackingOptOut = false;
				XRD.tracking = new XRD.Tracking("DFi2mPT");
				XRD.tracking.init("prod", contextData);
				ready(function(){ XRD.tracking.race(23);});
				XRD.contextData = contextData;
			} else {
				console.warn("window.XRD is missing, tracking related actions will not run.");
			}
			
		}(window.XRD));
	</script><script>window.__abTestgroups = "address-optional-salutation, checkout-display-showroom-ad, cmp3, eas-new-be, mengenrabattierung, new-navigation-tracking, newEAS, offer-details-tracking, payback-card-change, payback-ecoupon-api, payback-evoucher, payback-rewe-newsletter, payback-targeted-bonus-coupon, payback-targeted-burn, pester-power-items, pp-rewe-ebon, pp-rewe-ebon-deactivate, prefilled-basket-myproducts, productlist-gam-sizes-2024, rewe-sso, sy-rewe-ebon, wookiees-pickup-page";</script><script>
		function readConsentSettingCookie(cookie) {
			let consentSettings = '{}';
			const parts = ('; ' + cookie).split('; consentSettings=');
			if (parts.length === 2) {
				const element = parts.pop();
				if (!!element) {
					const value = element.split(';').shift();
					if (!!value) {
						consentSettings = value;
					}
				}
			}
			return consentSettings;
		}
		const consentSettings = readConsentSettingCookie(document.cookie);
		window.cmpConsent = JSON.parse(decodeURIComponent(consentSettings));
	</script><script id="basketStateInitialize">
        if (!window.ReweBasket) {
            window.ReweBasket = {};
        }

        window.ReweBasket.listingIdToQuantityLookup = {
                "13-4337256208628-rewe-online-services|48466001-231011": {
                    quantity: 1,
                    orderLimit: 15,
                    details: {
                        price: 299,
                        productId: "333139",
                        discounted: true,
                        discountInformation: {
                            discountType: "DISCOUNT",
                            active: true,
                            current: {
                                minimumQuantity: 0,
                                discountRate: 14,
                            },
                        },
                    },
                },
                "8-GPJSJ87I-rewe-online-services|48466001-231011": {
                    quantity: 1,
                    orderLimit: 99,
                    details: {
                        price: 239,
                        productId: "7956314",
                        discounted: false,
                    },
                },
        };

        window.ReweBasket.articlePrice = 538;
        window.ReweBasket.reweArticlePrice = 538;
        window.ReweBasket.minimumOrderAmount = 5000;
        window.ReweBasket.assetsUrl = 'https://shop.rewe-static.de/rewe-basket/5689-1-019f177e4';
        window.ReweBasket.id = 'e551b612-5d06-447a-963b-142d09906f4e';
        window.ReweBasket.version = 2;
        window.ReweBasket.customerUuid = '981a15fb-f1f3-4ee2-adda-89e99b2b7d92';
        window.ReweBasket.deviceId = '820bab25-341b-4442-aec9-a57c3fac3ab0';
        window.ReweBasket.zipCode = '86156';
        window.ReweBasket.marketCode = '231011';
        window.ReweBasket.serviceTypes = ["DELIVERY"];
        window.ReweBasket.sessionMarketInformation = {
          marketCode: '231011',
          zipCode: '86156',
          serviceTypes: ["DELIVERY"]
        };
    </script><script src="https://shop.rewe-static.de/rewe-basket/5689-1-019f177e4/basketStateRepositoryBundle.js" meso-options="dont-move"></script><script>
	if (window.XRD && window.XRD.tracking) {
		XRD.tracking.extendPageData({"user":{"u1":"na","u2":"na"}});
	}
    </script><script>if (typeof XRD !== 'undefined' && XRD.tracking) {
            XRD.tracking.extendPageData({user: {"u3":"c"}});
        }</script><script>if (window.top !== window) XRD.logging.getLogger("iframe-detection").warn("Accessing " + window.location.href + " via 9fafe9bc-b506-404e-927e-2aaf6d017fe7");</script><script meso-options="place-in-header">XRD.performance.measurePerformanceMetrics("L2MvOmNhdGVnb3J5U2x1Zw==", "shop");</script><div id="__next" data-reactroot><div><div></div><div></div><div><header class="ths-wrapper ths-qa-header ths-js-wrapper" id="header-service"><script>
    if (performance && typeof performance.mark === 'function') {
        performance.mark('@REWE_HEADER_start');
    }
</script><div class="ths-content ths-qa-header-content"><div class="ths-header-navigation-wrapper"><div class="ths-mobile-header ths-mobile-header--full"><a href="/" class="ths-mobile-header__logo ths-qa-mobile-header-logo" title="Zur Startseite"><svg xmlns="http://www.w3.org/2000/svg" width="136" height="36" viewBox="0 0 136 36"><path d="M7.913 35.75c2.005 0 2.954-.945 2.954-2.89V22.24h.106l6.224 10.672c1.16 2 2.163 2.84 3.957 2.84h6.278c1.53 0 2.795-.58 2.795-1.79 0-.472-.21-1.05-.633-1.733l-7.702-11.357c4.96-1.84 7.122-5.364 7.122-9.57C29.014 4.205 24.794 0 13.716 0H2.9C.95 0 0 .946 0 2.944V32.86c0 1.945.95 2.89 2.9 2.89h5.013zm2.954-20.083V8.202h2.32c3.114 0 4.432 1.313 4.432 3.732 0 2.42-1.32 3.733-4.432 3.733h-2.32zm45.79 20.084c2.004 0 2.953-.945 2.953-2.89v-2.577c0-1.997-.95-2.944-2.954-2.944H44.84v-5.363h8.65c2.006 0 2.955-.947 2.955-2.893v-2.576c0-1.998-.95-2.944-2.954-2.944h-8.65V8.41h10.234c2.005 0 2.954-.944 2.954-2.89V2.944C58.028.946 57.078 0 55.074 0h-18.41C34.71 0 33.76.946 33.76 2.944V32.86c0 1.945.95 2.89 2.9 2.89h19.994zM89.784 2.84C89.363.84 88.36 0 86.145 0H81.66c-2.214 0-3.217.84-3.64 2.84L74.434 20.4h-.105l-2.9-17.56C71.11.84 70.107 0 67.787 0H63.46c-1.793 0-2.794.788-2.794 2.366 0 .315.052.735.157 1.156l6.91 29.337c.476 1.945 1.426 2.89 3.905 2.89h4.325c2.216 0 3.218-.84 3.64-2.838l3.957-19.19h.106l3.956 19.19c.422 2 1.424 2.84 3.64 2.84h4.325c2.48 0 3.43-.947 3.905-2.893l6.91-29.338c.106-.42.157-.84.157-1.156C106.56.788 105.503 0 103.763 0h-3.692c-2.322 0-3.323.84-3.64 2.84L93.53 20.4h-.105l-3.64-17.56zm42.307 32.91c2.005 0 2.953-.945 2.953-2.89v-2.577c0-1.997-.948-2.944-2.953-2.944h-11.816v-5.363h8.65c2.006 0 2.954-.947 2.954-2.893v-2.576c0-1.998-.948-2.944-2.953-2.944h-8.65V8.41h10.233c2.004 0 2.954-.944 2.954-2.89V2.944c0-1.998-.95-2.944-2.954-2.944H112.1c-1.953 0-2.902.946-2.902 2.944V32.86c0 1.945.95 2.89 2.9 2.89h19.994z" fill="#FFF" fill-rule="evenodd" /></svg></a><div class="ths-mobile-header__menu"><div class="ths-mobile-navigation"><div class="ths-mobile-navigation__item ths-mobile-navigation__item--shoppinglist ths-qa-mobile-shopping-list-wrapper"><button class="ths-mobile-navigation__action ths-qa-favorites-button-mobile" onclick="document.getElementById('shopping-list-header-button-prg-redirect-form').submit();"><span class="ths-visible-sr">Favoriten anzeigen</span><svg xmlns="http://www.w3.org/2000/svg" class="ths-icon ths-icon--heart" aria-hidden="true" viewBox="0 0 32 32"><path d="M25.136 13.758A3.798 3.798 0 0026 11.324c0-2.187-1.853-3.99-4.153-3.99-.873 0-1.696.25-2.386.72-.23.156-.502.386-.809.69-.208.207-.589.633-1.118 1.257l-1.507 1.774-1.527-1.757c-.502-.578-.889-1-1.148-1.257-.364-.359-.669-.614-.898-.761a4.222 4.222 0 00-2.304-.667C7.853 7.333 6 9.138 6 11.323c0 .906.301 1.749.846 2.415.079.092 1.828 2.048 5.059 5.657l3.5 3.909.603.673 9.128-10.219zM16.01 8.706c.874-1.077 1.65-1.846 2.326-2.306a6.226 6.226 0 013.511-1.067c3.39 0 6.153 2.686 6.153 5.99a5.81 5.81 0 01-1.318 3.705l-.026.03-10.185 11.403a.621.621 0 01-.923.001l-.23-.258-1.403-1.566-3.5-3.91c-3.178-3.549-4.99-5.574-5.089-5.69A5.814 5.814 0 014 11.324c-.001-3.304 2.761-5.99 6.15-5.99a6.23 6.23 0 013.388.985c.66.426 1.484 1.221 2.472 2.387z" /></svg></button></div><div class="ths-mobile-navigation__item ths-mobile-navigation__item--basket"><form class="bsButtonLinkForm" method="post" action="/api/prg"><input type="hidden" name="redirectUrl" value="L2NoZWNrb3V0L2Jhc2tldA&#61;&#61;" /><button type="submit" class="basket-link-mobile basket_ripple" rel="nofollow" id="rs-qa-basket-triggerMobil" data-basket-link data-header-zip-code="86156" data-has-market-in-header="true" data-basket-service-types="DELIVERY" data-basket-market-code="231011" data-basket-zip-code="86156"><span class="basket-link-ripple"></span><span class="basket-link_icon"><span class="basket-link_icon--amount" data-basket-link-amount>0</span><img class="basket-link_icon--icon_empty" src="https://shop.rewe-static.de/rewe-basket/5689-1-019f177e4/images/basket-link-mobile.svg" alt="empty basket" /><img class="basket-link_icon--icon_filled" src="https://shop.rewe-static.de/rewe-basket/5689-1-019f177e4/images/basket-link-active.svg" alt="filled basket" /></span></button></form></div><div class="ths-mobile-navigation__item"><button class="ths-mobile-navigation__action ths-mobile-navigation__submenu-trigger ths-qa-mobile-menu-trigger" id="ths-mobile-menu-trigger"><span class="ths-visible-sr">Navigation öffnen</span><svg xmlns="http://www.w3.org/2000/svg" class="ths-icon ths-icon--silhouette" aria-hidden="true" viewBox="0 0 24 24"><path d="M6.75 18.75a.75.75 0 01-1.5 0c0-3.417 2.747-5.695 6.166-5.74.19-.001.385-.003.584-.003.2 0 .394.002.584.004 3.42.044 6.166 2.322 6.166 5.739a.75.75 0 01-1.5 0c0-2.596-2.087-4.206-4.686-4.24a51.636 51.636 0 00-1.128.001c-2.6.033-4.686 1.643-4.686 4.239zm5.25-8.5c1.08 0 2-.985 2-2.25 0-1.265-.92-2.25-2-2.25S10 6.735 10 8c0 1.265.92 2.25 2 2.25zm0 1.5c-1.933 0-3.5-1.679-3.5-3.75 0-2.071 1.567-3.75 3.5-3.75S15.5 5.929 15.5 8c0 2.071-1.567 3.75-3.5 3.75z" /></svg><svg xmlns="http://www.w3.org/2000/svg" class="ths-icon ths-icon--triangle" fill-rule="evenodd" aria-hidden="true" viewBox="0 0 24 24"><path d="M7.396.45C6.625-.33 6-.07 6 1.029v21.939c0 1.1.627 1.357 1.396.58L17.419 13.41c.771-.78.77-2.046 0-2.823L7.396.45z" /></svg></button></div></div></div></div><nav class="ths-menu ths-qa-mobile-menu" id="nav-mobile-secondary"><ul class="ths-menu__list"><li class="ths-menu__item ths-menu__item--supermarket-funnel"><span class="gbmc-mobile-header-button-include  gbmc-mobile-header-button-include--active "><a class="gbmc-mobile-trigger gbmc-qa-mobile-trigger" href="https://shop.rewe.de" title="Du bestellst online, wir liefern nach Hause" id="gbmc-js-mobile-header-button"><div class="gbmc-mobile-header-button-icon-container "><svg xmlns="http://www.w3.org/2000/svg" width="32" height="32" viewBox="0 0 32 32" class="gbmc-mobile-header-button-icon"><path d="M18 8a2 2 0 012 2v.667h3.897c.486 0 .944.224 1.242.607l4.029 5.18a.788.788 0 01.165.483v3.73a2 2 0 01-2 2h-.837a3.002 3.002 0 01-5.659 0h-6.19a3.002 3.002 0 01-5.659 0H7.333a2 2 0 01-2-2v-2h2v2h1.655l.08-.202a3 3 0 015.579.202H18V10H7.333v.667h-2V10a2 2 0 012-2H18zm-6.183 12.667a1 1 0 10.001 0zm11.85 0a1 1 0 10-.002 1.998 1 1 0 00.002-1.998zm.021-8H20v8h.837a3 3 0 015.659 0h.837v-3.314l-3.645-4.686zM3.667 15.333h4a1 1 0 01.135 1.991l-.135.01h-4a1 1 0 01-.136-1.992l.136-.009h4-4zm0-3.333h6a1 1 0 01.135 1.99l-.135.01h-6a1 1 0 01-.136-1.99l.136-.01h6-6z" fill-rule="nonzero" /> </svg></div><span class="gbmc-mobile-header-button-label"><span class="gbmc-mobile-header-button-label-flex">Lieferservice </span><span class="gbmc-mobile-header-button-change">Ändern</span></span><p class="gbmc-mobile-header-button-description">Du bestellst online, wir liefern nach Hause</p></a></span></li><a href="#" class="tss-timeslot-button tss-js-timeslot-button tss-qa-reserve-timeslot-link rs-qa-reserve-timeslot-link tss-js-timeslot-button-header-mobile mobile tss-mobile-timeslot-button" data-customeruuid="981a15fb-f1f3-4ee2-adda-89e99b2b7d92" data-servicetype="delivery" data-basketId="e551b612-5d06-447a-963b-142d09906f4e" data-wwident="86156" data-shopcontext="overview" data-identifier="header-mobile"><div class="tss-qa-reserve-timeslot-link-icon tss-mobile-timeslot-button__icon tss-mobile-timeslot-button__icon--regular"><svg xmlns="http://www.w3.org/2000/svg" viewBox="0 0 32 32" class="tss-icon tss-icon--calendar" aria-hidden="true">
<path d="M24.667 10H7.333v2.333h17.334V10zm-10-2h2.666V6.667a2 2 0 012-2h1.334a2 2 0 012 2V8h2a2 2 0 012 2v14.667a2 2 0 01-2 2H7.333a2 2 0 01-2-2V10a2 2 0 012-2h2V6.667a2 2 0 012-2h1.334a2 2 0 012 2V8zm-2 0V6.667h-1.334V8h1.334zm6.666 0h1.334V6.667h-1.334V8zm-12 6.333v10.334h17.334V14.333H7.333zM11 16.667h10a1 1 0 110 2H11a1 1 0 010-2zm0 4h8a1 1 0 110 2h-8a1 1 0 010-2z" fill-rule="nonzero" />
</svg></div><div class="tss-qa-reserve-timeslot-link-icon tss-mobile-timeslot-button__icon tss-mobile-timeslot-button__icon--hover"><svg xmlns="http://www.w3.org/2000/svg" viewBox="0 0 32 32" class="tss-icon tss-icon--calendar-filled" aria-hidden="true">
<path d="M24.667 10H7.333v2.333h17.334V10zm-12-5.333a2 2 0 012 2V8h2.666V6.667a2 2 0 012-2h1.334a2 2 0 012 2V8h2a2 2 0 012 2v14.667a2 2 0 01-2 2H7.333a2 2 0 01-2-2V10a2 2 0 012-2h2V6.667a2 2 0 012-2h1.334zm6.333 16h-8a1 1 0 100 2h8a1 1 0 000-2zm2-4H11a1 1 0 100 2h10a1 1 0 000-2zM12.667 8V6.667h-1.334V8h1.334zm6.666 0h1.334V6.667h-1.334V8z" fill-rule="nonzero" />
</svg></div><div class="tss-qa-reserve-timeslot-link-text tss-mobile-timeslot-button__text"><span>Liefertermin <br/>wählen</span></div></a><div class="tss-login-register-redirect"></div><dialog id="tss-timeslots-popup"><div id="header-lightbox__overlay" class="tss-lightbox-overlay tss-lightbox-overlay--hidden"></div><div id="header-lightbox-wrapper" class="tss-lightbox-wrapper tss-lightbox-wrapper--hidden"><div id="header-lightbox" class="tss-lightbox"><div class="tss-lightbox__loader"><div class="tss-loading-spinner"><div class="tss-loading-spinner__svg"><svg xmlns="http://www.w3.org/2000/svg" viewBox="-237 396.9 79.8 21.3" class="tss-loading-spinner__logo">
<path d="M-181.8 409l2-10.5c.2-1.2.7-1.6 2.1-1.6h1.9c1 0 1.6.4 1.6 1.3 0 .2 0 .4-.1.7l-4.2 17.6c-.3 1.2-.6 1.7-2.1 1.7h-2.3c-1.3 0-1.7-.5-2-1.6l-2.7-11.5h-.1l-2.7 11.5c-.3 1.2-.6 1.6-1.9 1.6h-2.3c-1.5 0-1.9-.5-2.1-1.6l-4.2-17.6c-.1-.3-.1-.5-.1-.7 0-.9.6-1.3 1.6-1.3h2.3c1.4 0 1.9.4 2.1 1.6l1.9 10.5h.1l2.4-10.5c.3-1.2.8-1.6 2.1-1.6h2.2c1.3 0 1.8.4 2.1 1.6l2.4 10.4zm-53.5 9.2c-1.2 0-1.7-.5-1.7-1.6v-18c0-1.2.5-1.7 1.7-1.7h6.1c6.6 0 9.1 2.5 9.1 6.7 0 2.6-1.4 4.7-4.5 5.8l4.9 6.7c.3.4.4.7.4 1 0 .7-.8 1-1.7 1h-3.6c-1.1 0-1.5-.4-2.2-1.6l-4-6.4h-.1v6.4c0 1.2-.5 1.6-1.7 1.6 0 .1-2.7.1-2.7.1zm64.7 0c-1.2 0-1.6-.4-1.6-1.6v-18.1c0-1.2.4-1.6 1.6-1.6h10.8c1.2 0 1.6.4 1.6 1.6v1.5c0 1.1-.4 1.6-1.6 1.6h-6.2v3.5h5.3c1.2 0 1.6.4 1.6 1.6v1.4c0 1.2-.4 1.6-1.6 1.6h-5.3v3.6h7.1c1.2 0 1.7.4 1.7 1.6v1.5c0 1.2-.4 1.6-1.7 1.6l-11.7.2zm-44.6 0c-1.2 0-1.7-.5-1.7-1.6v-18c0-1.2.5-1.7 1.7-1.7h10.7c1.2 0 1.7.5 1.7 1.7v1.4c0 1.1-.5 1.6-1.7 1.6h-6.2v3.5h5.2c1.2 0 1.7.5 1.7 1.7v1.3c0 1.2-.5 1.7-1.7 1.7h-5.2v3.6h7.1c1.2 0 1.7.5 1.7 1.7v1.4c0 1.2-.5 1.6-1.7 1.6l-11.6.1zm-14-11.7c1.9 0 2.6-.8 2.6-2.5s-.8-2.5-2.6-2.5h-1.7v4.9c0 .1 1.7.1 1.7.1z" class="st0" />
</svg></div><div class="tss-fading-dots"><span class="tss-fading-dots__dot--1 tss-fading-dots__dot"></span><span class="tss-fading-dots__dot--2 tss-fading-dots__dot"></span><span class="tss-fading-dots__dot--3 tss-fading-dots__dot"></span><span class="tss-fading-dots__dot--4 tss-fading-dots__dot"></span><span class="tss-fading-dots__dot--5 tss-fading-dots__dot"></span><span class="tss-fading-dots__dot--6 tss-fading-dots__dot"></span><span class="tss-fading-dots__dot--7 tss-fading-dots__dot"></span><span class="tss-fading-dots__dot--8 tss-fading-dots__dot"></span><span class="tss-fading-dots__dot--9 tss-fading-dots__dot"></span><span class="tss-fading-dots__dot--10 tss-fading-dots__dot"></span><span class="tss-fading-dots__dot--11 tss-fading-dots__dot"></span><span class="tss-fading-dots__dot--12 tss-fading-dots__dot"></span><span class="tss-fading-dots__dot--13 tss-fading-dots__dot"></span><span class="tss-fading-dots__dot--14 tss-fading-dots__dot"></span><span class="tss-fading-dots__dot--15 tss-fading-dots__dot"></span><span class="tss-fading-dots__dot--16 tss-fading-dots__dot"></span><span class="tss-fading-dots__dot--17 tss-fading-dots__dot"></span><span class="tss-fading-dots__dot--18 tss-fading-dots__dot"></span></div></div></div><div class="tss-timeslots-popup-wrapper tss-lightbox--hidden"><div class="tss-timeslots-popup-heading-wrapper"><span class="tss-timeslots-popup-heading">Verfügbare Liefertermine</span></div><div class="tss-lightbox__content"></div><div class="tss-timeslots-popup-close-btn-wrapper"><button class="tss-close-btn ripplebright rippledark">Schließen</button></div></div></div></div></dialog><li class="ths-menu__item ths-menu__item--favorites ths-qa-favorites-menu-item"><button class="ths-menu__item-link ths-qa-favorites-menu-mobile" onclick="document.getElementById('shopping-list-header-button-prg-redirect-form').submit();"><span class="ths-menu__item-icon ths-qa-favorites-menu-icon-mobile"><svg xmlns="http://www.w3.org/2000/svg" class="ths-icon ths-icon--heart" aria-hidden="true" viewBox="0 0 32 32"><path d="M25.136 13.758A3.798 3.798 0 0026 11.324c0-2.187-1.853-3.99-4.153-3.99-.873 0-1.696.25-2.386.72-.23.156-.502.386-.809.69-.208.207-.589.633-1.118 1.257l-1.507 1.774-1.527-1.757c-.502-.578-.889-1-1.148-1.257-.364-.359-.669-.614-.898-.761a4.222 4.222 0 00-2.304-.667C7.853 7.333 6 9.138 6 11.323c0 .906.301 1.749.846 2.415.079.092 1.828 2.048 5.059 5.657l3.5 3.909.603.673 9.128-10.219zM16.01 8.706c.874-1.077 1.65-1.846 2.326-2.306a6.226 6.226 0 013.511-1.067c3.39 0 6.153 2.686 6.153 5.99a5.81 5.81 0 01-1.318 3.705l-.026.03-10.185 11.403a.621.621 0 01-.923.001l-.23-.258-1.403-1.566-3.5-3.91c-3.178-3.549-4.99-5.574-5.089-5.69A5.814 5.814 0 014 11.324c-.001-3.304 2.761-5.99 6.15-5.99a6.23 6.23 0 013.388.985c.66.426 1.484 1.221 2.472 2.387z" /></svg></span><span class="ths-menu__item-text ths-qa-favorites-menu-text-mobile"> Favoriten
</span></button></li><li class="ths-menu__item ths-menu__item--payback"><a href="https://www.rewe.de/payback/" class="ths-menu__item-link ths-qa-payback-link-mobile"><span class="ths-menu__item-icon ths-menu__item-icon--payback"><img class="ths-menu__payback-logo" src="https://shop.rewe-static.de/head/3652b48479c918223a003bc4ff2094d4d9af163f/img/payback-logo-icon.svg" alt></span><span class="ths-menu__item-text ths-menu__item-text--payback"> Payback
</span></a></li><li class="hls-menu__item hls-menu__item--login"><a href="https://shop.rewe.de/mydata/personaldata" class="hls-menu__item-link"><div class="hls-menu__item-icon"><svg xmlns="http://www.w3.org/2000/svg" class="hls-icon" viewBox="0 0 32 32"><path d="M9 25a1 1 0 11-2 0c0-4.56 3.66-7.6 8.22-7.65a60.73 60.73 0 011.56 0C21.34 17.4 25 20.45 25 25a1 1 0 01-2 0c0-3.46-2.78-5.6-6.25-5.65a58.4 58.4 0 00-1.5 0C11.78 19.39 9 21.54 9 25zm7-11.33c1.44 0 2.67-1.32 2.67-3 0-1.69-1.23-3-2.67-3s-2.67 1.31-2.67 3c0 1.68 1.23 3 2.67 3zm0 2c-2.58 0-4.67-2.24-4.67-5 0-2.77 2.1-5 4.67-5s4.67 2.23 4.67 5c0 2.76-2.1 5-4.67 5z"></path></svg></div><div class="hls-menu__item-text" data-mf-replace-inner="** AUSGEBLENDET **">Arthur Zakirov</div></a><a href="/logout/submit" class="hls-menu__item-link hls-menu__item-link--logout">Abmelden</a></li><script>window.__INITIAL_MOBILE_LOGIN_STATUS_STATE__= {"isLoggedIn":true,"logoutUrl":"\u002Flogout\u002Fsubmit","loginUrl":"","personalDataUrl":"https:\u002F\u002Fshop.rewe.de\u002Fmydata\u002Fpersonaldata","welcomeMessage":"Arthur Zakirov"} </script></ul></nav><div class="ths-header"><a href="/" class="ths-header__homepage-link ths-qa-logo"><img class="mmds-logo rs-qa-logo" src="https://shop.rewe-static.de/mmds/9f12a40303859f1f98e424153da0a590b70a2f1c/rewe-logo.svg" alt="REWE"></a><div class="ths-header__navigation"><nav class="ths-funnel-navigation ths-qa-funnel-navigation"><ul class="ths-funnel-navigation__menu"><li class="ths-funnel-tab"><a class="ths-funnel-tab__link ths-qa-funnel-nav-market-offers" href="https://www.rewe.de/angebote/" title="Märkte & Angebote"><span class="ths-funnel-tab__title">Märkte &amp; Angebote</span><p class="ths-funnel-tab__description">Entdecke Angebote in deinem REWE Markt</p></a></li><li class="ths-funnel-tab ths-funnel-tab--meso ths-funnel-tab--active"><span class="gbmc-header-include gbmc-header-include--padded gbmc-header-include--with-trigger"><a class="gbmc-online-link gbmc-qa-online-link " href="https://shop.rewe.de" title="Du bestellst online, wir liefern nach Hause" data-linktype="exit" data-track-values="['Link%3A+REWE.de', '', 'Link+%28sekund%C3%A4re+Navigation%29', '']" id="gbmc-js-header-button"><span class="gbmc-online-link-label">Lieferservice</span><p class="gbmc-online-link-description">Du bestellst online, wir liefern nach Hause</p></a><button class="gbmc-trigger gbmc-qa-trigger">ändern</button></span></li><li class="ths-funnel-tab"><a class="ths-funnel-tab__link ths-qa-funnel-nav-recipes" href="https://www.rewe.de/rezepte-ernaehrung/" title="Entdecke unsere Rezeptvielfalt"><span class="ths-funnel-tab__title">Rezepte &amp; Ernährung</span><p class="ths-funnel-tab__description">Rezepte und Kochtipps in der Rezeptwelt von REWE.de</p></a></li></ul></nav><ul class="ths-user-navigation ths-qa-user-navigation"><li class="ths-user-navigation__item ths-user-navigation__item--home"><a href="https://www.rewe.de" class="ths-navigation-link ths-qa-rewe-link"><svg xmlns="http://www.w3.org/2000/svg" class="ths-icon ths-icon--home" aria-hidden="true" viewBox="0 0 24 24"><path d="M12.732 3.914l8.1 5.85a.75.75 0 01-.879 1.216L19 10.29v8.21h1.25a.75.75 0 010 1.5H3.75a.75.75 0 010-1.5H5v-8.209l-.953.688a.75.75 0 11-.878-1.216l8.1-5.85a1.25 1.25 0 011.463 0zM12 5.235L6.5 9.208V18.5h2.75v-4a1.5 1.5 0 011.5-1.5h2.5a1.5 1.5 0 011.5 1.5v4h2.75V9.208L12 5.235zm1.25 9.265h-2.5v4h2.5v-4z" /></svg><span class="ths-navigation-link__text">rewe.de</span></a></li><li class="hls-user-navigation__item hls-user-navigation__item--login hls-user-navigation__item--shared-header"><a href="https://shop.rewe.de/mydata/personaldata" class="hls-navigation-link hls-navigation-link--login hls-qa-profile-link"><svg xmlns="http://www.w3.org/2000/svg" class="hls-icon" viewBox="0 0 32 32"><path d="M9 25a1 1 0 11-2 0c0-4.56 3.66-7.6 8.22-7.65a60.73 60.73 0 011.56 0C21.34 17.4 25 20.45 25 25a1 1 0 01-2 0c0-3.46-2.78-5.6-6.25-5.65a58.4 58.4 0 00-1.5 0C11.78 19.39 9 21.54 9 25zm7-11.33c1.44 0 2.67-1.32 2.67-3 0-1.69-1.23-3-2.67-3s-2.67 1.31-2.67 3c0 1.68 1.23 3 2.67 3zm0 2c-2.58 0-4.67-2.24-4.67-5 0-2.77 2.1-5 4.67-5s4.67 2.23 4.67 5c0 2.76-2.1 5-4.67 5z"></path></svg><span class="hls-navigation-link__text" data-mf-replace-inner="** AUSGEBLENDET **">Arthur Zakirov</span></a><a href="/logout/submit" class="hls-navigation-link hls-navigation-link--logout hls-qa-logout-link"><span class="hls-navigation-link__text">Abmelden</span></a></li><script>window.__INITIAL_DESKTOP_LOGIN_STATUS_STATE__ = {"isLoggedIn":true,"logoutUrl":"\u002Flogout\u002Fsubmit","loginUrl":"","personalDataUrl":"https:\u002F\u002Fshop.rewe.de\u002Fmydata\u002Fpersonaldata","welcomeMessage":"Arthur Zakirov"} </script><li class="ths-user-navigation__item ths-user-navigation__item--market-chooser"><button class="gbmc-header-link gbmc-header-link--shared-header gbmc-header-link-qa rs-qa-market-selector-link" id="gbmc-js-header-link"><svg xmlns="http://www.w3.org/2000/svg" width="24" height="24" viewBox="0 0 24 24" class="gbmc-header-link__icon gbmc-header-link__icon--geolocation" fill-rule="nonzero"><path d="M5 10a7 7 0 1112.966 3.663l-5.314 7.573c-.085.107-.085.107-.192.192a.8.8 0 01-1.115-.192l-5.31-7.57A6.983 6.983 0 015 10zm11.428 3.3l.26-.423A5.5 5.5 0 106.5 10c0 1.033.284 2.02.813 2.88l.22.356 4.424 6.313a.05.05 0 00.07.012.043.043 0 00.011-.012l4.39-6.248zM12 10.95a1.451 1.451 0 000-2.9 1.451 1.451 0 000 2.9zm0 1.55a3 3 0 110-6 3 3 0 010 6z" /></svg><span class="gbmc-header-link__text gbmc-customer-zipcode-qa rs-qa-customer-zip">PLZ 86156</span></button></li><li class="ths-user-navigation__item ths-user-navigation__item--payback ths-payback"><a href="https://www.rewe.de/payback/" class="ths-payback__link ths-qa-payback-link"><img src="https://shop.rewe-static.de/head/3652b48479c918223a003bc4ff2094d4d9af163f/img/payback-logo.svg" alt="Payback" class="ths-payback__logo"></a></li></ul></div></div></div><div class="ths-shopping-interactions"><div class="ths-shopping-interactions__content"><div class="ths-search ths-qa-search"><div class="rsss-search-suggestions suggestions default" data-environment="prod" data-market-id="231011" data-service-types="DELIVERY" data-test-groups="address-optional-salutation, checkout-display-showroom-ad, cmp3, eas-new-be, mengenrabattierung, new-navigation-tracking, newEAS, offer-details-tracking, payback-card-change, payback-ecoupon-api, payback-evoucher, payback-rewe-newsletter, payback-targeted-bonus-coupon, payback-targeted-burn, pester-power-items, pp-rewe-ebon, pp-rewe-ebon-deactivate, prefilled-basket-myproducts, productlist-gam-sizes-2024, rewe-sso, sy-rewe-ebon, wookiees-pickup-page" data-customer-id="981a15fb-f1f3-4ee2-adda-89e99b2b7d92" data-context="default"><div id="rsss-container"><div class="Xcf3MkgSy01eFjfaghWQ" data-reactroot><div class="xh0J9PtHpjL9Qmx42rg_ L0x2YxtI1GQ7N_2PsHhl"><form action="/productList" method="GET" class="Z0i4lVqz4msK40VElMRW"><input type="search" class="HzXnz6Y1ACQIBs6Is_1Y rs-qa-header-search-input" value name="search" placeholder="Suche" autoComplete="off" required /><button type="submit" class="AoUkUHLfB2TNIRo8sMjm rs-qa-header-search-button" aria-label="Suche"><svg xmlns="http://www.w3.org/2000/svg" width="32" height="32"><path d="M20.532 21.927A9.29 9.29 0 0 1 14.667 24a9.334 9.334 0 1 1 7.26-3.468c.04.029.076.06.112.096l4 4a.997.997 0 1 1-1.411 1.41l-4-4a1.095 1.095 0 0 1-.096-.11zm-5.865.078a7.338 7.338 0 1 0 0-14.677 7.338 7.338 0 0 0 0 14.677z" fill="#4C4C4C" fill-rule="nonzero"></path></svg></button></form></div><div class="HP8R3jcMPPspI0xY3DNE" style="top:40px"></div><section class="rs-qa-search-suggestions BF3NyUHHmGaGcrDvTnRI"><ul id="products-list" class="ceg11JpFzPNsn5Q4aOe5"></ul><div class="hrhzuUP3uWVruYANnuwS"><a id="display-all-results" class="fRkQO_bSxYlQdbatslWa DUoeGaooKPsCG79LSNSR" href="/productList?search=">Alle Suchergebnisse anzeigen</a></div></section></div></div></div></div><div class="ths-shopping-navigation"><span class="ths-shopping-navigation__item"><a href="#" class="tss-timeslot-button tss-js-timeslot-button tss-qa-reserve-timeslot-link rs-qa-reserve-timeslot-link tss-js-timeslot-button-header-web shop tss-shop-timeslot-button" data-customeruuid="981a15fb-f1f3-4ee2-adda-89e99b2b7d92" data-servicetype="delivery" data-basketId="e551b612-5d06-447a-963b-142d09906f4e" data-wwident="86156" data-shopcontext="overview" data-identifier="header-web"><div class="tss-qa-reserve-timeslot-link-icon tss-shop-timeslot-button__icon tss-shop-timeslot-button__icon--regular"><svg xmlns="http://www.w3.org/2000/svg" viewBox="0 0 32 32" class="tss-icon tss-icon--calendar" aria-hidden="true">
<path d="M24.667 10H7.333v2.333h17.334V10zm-10-2h2.666V6.667a2 2 0 012-2h1.334a2 2 0 012 2V8h2a2 2 0 012 2v14.667a2 2 0 01-2 2H7.333a2 2 0 01-2-2V10a2 2 0 012-2h2V6.667a2 2 0 012-2h1.334a2 2 0 012 2V8zm-2 0V6.667h-1.334V8h1.334zm6.666 0h1.334V6.667h-1.334V8zm-12 6.333v10.334h17.334V14.333H7.333zM11 16.667h10a1 1 0 110 2H11a1 1 0 010-2zm0 4h8a1 1 0 110 2h-8a1 1 0 010-2z" fill-rule="nonzero" />
</svg></div><div class="tss-qa-reserve-timeslot-link-icon tss-shop-timeslot-button__icon tss-shop-timeslot-button__icon--hover"><svg xmlns="http://www.w3.org/2000/svg" viewBox="0 0 32 32" class="tss-icon tss-icon--calendar-filled" aria-hidden="true">
<path d="M24.667 10H7.333v2.333h17.334V10zm-12-5.333a2 2 0 012 2V8h2.666V6.667a2 2 0 012-2h1.334a2 2 0 012 2V8h2a2 2 0 012 2v14.667a2 2 0 01-2 2H7.333a2 2 0 01-2-2V10a2 2 0 012-2h2V6.667a2 2 0 012-2h1.334zm6.333 16h-8a1 1 0 100 2h8a1 1 0 000-2zm2-4H11a1 1 0 100 2h10a1 1 0 000-2zM12.667 8V6.667h-1.334V8h1.334zm6.666 0h1.334V6.667h-1.334V8z" fill-rule="nonzero" />
</svg></div><div class="tss-qa-reserve-timeslot-link-text tss-shop-timeslot-button__text"><span>Liefertermin <br/>wählen</span></div></a><div class="tss-login-register-redirect"></div><dialog id="tss-timeslots-popup"><div id="header-lightbox__overlay" class="tss-lightbox-overlay tss-lightbox-overlay--hidden"></div><div id="header-lightbox-wrapper" class="tss-lightbox-wrapper tss-lightbox-wrapper--hidden"><div id="header-lightbox" class="tss-lightbox"><div class="tss-lightbox__loader"><div class="tss-loading-spinner"><div class="tss-loading-spinner__svg"><svg xmlns="http://www.w3.org/2000/svg" viewBox="-237 396.9 79.8 21.3" class="tss-loading-spinner__logo">
<path d="M-181.8 409l2-10.5c.2-1.2.7-1.6 2.1-1.6h1.9c1 0 1.6.4 1.6 1.3 0 .2 0 .4-.1.7l-4.2 17.6c-.3 1.2-.6 1.7-2.1 1.7h-2.3c-1.3 0-1.7-.5-2-1.6l-2.7-11.5h-.1l-2.7 11.5c-.3 1.2-.6 1.6-1.9 1.6h-2.3c-1.5 0-1.9-.5-2.1-1.6l-4.2-17.6c-.1-.3-.1-.5-.1-.7 0-.9.6-1.3 1.6-1.3h2.3c1.4 0 1.9.4 2.1 1.6l1.9 10.5h.1l2.4-10.5c.3-1.2.8-1.6 2.1-1.6h2.2c1.3 0 1.8.4 2.1 1.6l2.4 10.4zm-53.5 9.2c-1.2 0-1.7-.5-1.7-1.6v-18c0-1.2.5-1.7 1.7-1.7h6.1c6.6 0 9.1 2.5 9.1 6.7 0 2.6-1.4 4.7-4.5 5.8l4.9 6.7c.3.4.4.7.4 1 0 .7-.8 1-1.7 1h-3.6c-1.1 0-1.5-.4-2.2-1.6l-4-6.4h-.1v6.4c0 1.2-.5 1.6-1.7 1.6 0 .1-2.7.1-2.7.1zm64.7 0c-1.2 0-1.6-.4-1.6-1.6v-18.1c0-1.2.4-1.6 1.6-1.6h10.8c1.2 0 1.6.4 1.6 1.6v1.5c0 1.1-.4 1.6-1.6 1.6h-6.2v3.5h5.3c1.2 0 1.6.4 1.6 1.6v1.4c0 1.2-.4 1.6-1.6 1.6h-5.3v3.6h7.1c1.2 0 1.7.4 1.7 1.6v1.5c0 1.2-.4 1.6-1.7 1.6l-11.7.2zm-44.6 0c-1.2 0-1.7-.5-1.7-1.6v-18c0-1.2.5-1.7 1.7-1.7h10.7c1.2 0 1.7.5 1.7 1.7v1.4c0 1.1-.5 1.6-1.7 1.6h-6.2v3.5h5.2c1.2 0 1.7.5 1.7 1.7v1.3c0 1.2-.5 1.7-1.7 1.7h-5.2v3.6h7.1c1.2 0 1.7.5 1.7 1.7v1.4c0 1.2-.5 1.6-1.7 1.6l-11.6.1zm-14-11.7c1.9 0 2.6-.8 2.6-2.5s-.8-2.5-2.6-2.5h-1.7v4.9c0 .1 1.7.1 1.7.1z" class="st0" />
</svg></div><div class="tss-fading-dots"><span class="tss-fading-dots__dot--1 tss-fading-dots__dot"></span><span class="tss-fading-dots__dot--2 tss-fading-dots__dot"></span><span class="tss-fading-dots__dot--3 tss-fading-dots__dot"></span><span class="tss-fading-dots__dot--4 tss-fading-dots__dot"></span><span class="tss-fading-dots__dot--5 tss-fading-dots__dot"></span><span class="tss-fading-dots__dot--6 tss-fading-dots__dot"></span><span class="tss-fading-dots__dot--7 tss-fading-dots__dot"></span><span class="tss-fading-dots__dot--8 tss-fading-dots__dot"></span><span class="tss-fading-dots__dot--9 tss-fading-dots__dot"></span><span class="tss-fading-dots__dot--10 tss-fading-dots__dot"></span><span class="tss-fading-dots__dot--11 tss-fading-dots__dot"></span><span class="tss-fading-dots__dot--12 tss-fading-dots__dot"></span><span class="tss-fading-dots__dot--13 tss-fading-dots__dot"></span><span class="tss-fading-dots__dot--14 tss-fading-dots__dot"></span><span class="tss-fading-dots__dot--15 tss-fading-dots__dot"></span><span class="tss-fading-dots__dot--16 tss-fading-dots__dot"></span><span class="tss-fading-dots__dot--17 tss-fading-dots__dot"></span><span class="tss-fading-dots__dot--18 tss-fading-dots__dot"></span></div></div></div><div class="tss-timeslots-popup-wrapper tss-lightbox--hidden"><div class="tss-timeslots-popup-heading-wrapper"><span class="tss-timeslots-popup-heading">Verfügbare Liefertermine</span></div><div class="tss-lightbox__content"></div><div class="tss-timeslots-popup-close-btn-wrapper"><button class="tss-close-btn ripplebright rippledark">Schließen</button></div></div></div></div></dialog></span><span class="ths-shopping-navigation__item"><button class="ths-shopping-button ths-shopping-button--favorites ths-qa-favorites-button" onclick="document.getElementById('shopping-list-header-button-prg-redirect-form').submit();"><span class="ths-shopping-button__icon ths-shopping-button__icon--regular ths-qa-favorites-button-icon"><svg xmlns="http://www.w3.org/2000/svg" class="ths-icon ths-icon--heart" aria-hidden="true" viewBox="0 0 32 32"><path d="M25.136 13.758A3.798 3.798 0 0026 11.324c0-2.187-1.853-3.99-4.153-3.99-.873 0-1.696.25-2.386.72-.23.156-.502.386-.809.69-.208.207-.589.633-1.118 1.257l-1.507 1.774-1.527-1.757c-.502-.578-.889-1-1.148-1.257-.364-.359-.669-.614-.898-.761a4.222 4.222 0 00-2.304-.667C7.853 7.333 6 9.138 6 11.323c0 .906.301 1.749.846 2.415.079.092 1.828 2.048 5.059 5.657l3.5 3.909.603.673 9.128-10.219zM16.01 8.706c.874-1.077 1.65-1.846 2.326-2.306a6.226 6.226 0 013.511-1.067c3.39 0 6.153 2.686 6.153 5.99a5.81 5.81 0 01-1.318 3.705l-.026.03-10.185 11.403a.621.621 0 01-.923.001l-.23-.258-1.403-1.566-3.5-3.91c-3.178-3.549-4.99-5.574-5.089-5.69A5.814 5.814 0 014 11.324c-.001-3.304 2.761-5.99 6.15-5.99a6.23 6.23 0 013.388.985c.66.426 1.484 1.221 2.472 2.387z" /></svg></span><span class="ths-shopping-button__icon ths-shopping-button__icon--hover"><svg xmlns="http://www.w3.org/2000/svg" viewBox="0 0 32 32" class="ths-icon ths-icon--heart-filled" aria-hidden="true"><path d="M18.336 6.4a6.226 6.226 0 013.511-1.067c3.39 0 6.153 2.686 6.153 5.99a5.81 5.81 0 01-1.318 3.705l-.026.03-10.185 11.403a.621.621 0 01-.923.001l-.23-.258-1.403-1.566-3.5-3.91c-3.178-3.549-4.99-5.574-5.089-5.69A5.814 5.814 0 014 11.324c-.001-3.304 2.761-5.99 6.15-5.99a6.23 6.23 0 013.388.985c.358.231.764.57 1.219 1.02.303.298.72.754 1.253 1.367.564-.664.975-1.124 1.234-1.381a7.917 7.917 0 011.092-.925z" /></svg></span><span class="ths-shopping-button__text ths-qa-favorites-button-text"> Favoriten
</span></button></span><span class="ths-shopping-navigation__item"><form class="bsButtonLinkForm" method="post" action="/api/prg"><input type="hidden" name="redirectUrl" value="L2NoZWNrb3V0L2Jhc2tldA&#61;&#61;" /><button type="submit" class="basket-link basket_ripple rs-qa-basketLink" data-basket-link data-header-zip-code="86156" data-has-market-in-header="true" data-basket-service-types="DELIVERY" data-basket-market-code="231011" data-basket-zip-code="86156"><span class="basket-link_icon"><span class="basket-link_icon--amount" data-basket-link-amount>0</span><img class="basket-link_icon--icon_empty" alt="empty basket" src="https://shop.rewe-static.de/rewe-basket/5689-1-019f177e4/images/basket-link-default.svg" /><img class="basket-link_icon--icon_empty--hover" alt="empty basket" src="https://shop.rewe-static.de/rewe-basket/5689-1-019f177e4/images/basket-link-default-hover.svg" /><img class="basket-link_icon--icon_filled" alt="filled basket" src="https://shop.rewe-static.de/rewe-basket/5689-1-019f177e4/images/basket-link-filled.svg" /><img class="basket-link_icon--icon_active" alt="active basket" src="https://shop.rewe-static.de/rewe-basket/5689-1-019f177e4/images/basket-link-active.svg" /></span><span class="basket-link_value"><span class="basket-link_value--price" data-basket-link-price>&nbsp;</span></span></button></form></span></div></div></div><div class="ths-categories"><div id="lrms-navigation" data-cy="lrms-navigation"><div class="lrms-nav-wrapper"><nav class="lrms-nav-inner"><div class="lrms-menu__mobile-trigger"><a href="#" class="lrms-hamburger" id="rs-qa-mobile-category-menu" data-name="hamburger"><span class="lrms-hamburger--icon"></span></a></div><ul class="lrms-nav-primary"><li class="lrms-nav-primary--item"><span>Sortiment
<img class="lrms-nav-primary--img-arrow" alt="Icon arrow" src="https://shop.rewe-static.de/rewe-navigation-service/static-images/navigation/icon-arrow-grey_v1.svg"></span><img class="lrms-nav-primary--item-icon" alt="Sortiment category" src="https://shop.rewe-static.de/rewe-navigation-service/static-images/navigation/icon-apple-carrot-lotion_v1.svg"></li><li class="lrms-nav-primary--item"><a href="/deine-produkte">Deine Produkte</a><img class="lrms-nav-primary--item-icon" alt="Meine produkte icon" src="https://shop.rewe-static.de/rewe-navigation-service/static-images/navigation/icon-heart_v1.svg"></li><li class="lrms-nav-primary--item"><a href="/angebote">Angebote</a><img class="lrms-nav-primary--item-icon" alt="Angebote icon" src="https://shop.rewe-static.de/rewe-navigation-service/static-images/navigation/icon-percentage_v1.svg"></li><li class="lrms-nav-primary--item"><a href="/productList?attribute=bulk-discounted&amp;source=top-level-tab">Mengenrabatt</a><img class="lrms-nav-primary--item-icon" alt="Mengenrabatt icon" src="https://shop.rewe-static.de/rewe-navigation-service/static-images/navigation/icon-bottles_v1.svg"></li><li class="lrms-nav-primary--item"><a href="/productList?attribute=organic&amp;source=top-level-tab">Bio</a><img class="lrms-nav-primary--item-icon" alt="Bio icon" src="https://shop.rewe-static.de/rewe-navigation-service/static-images/navigation/icon-bio_leaf_v1.svg"></li><li class="lrms-nav-primary--item"><a href="/c/regional?source=top-level-tab">Regional</a><img class="lrms-nav-primary--item-icon" alt="Regional icon" src="https://shop.rewe-static.de/rewe-navigation-service/static-images/navigation/icon-tractor_v1.svg"></li><li class="lrms-nav-primary--item"><a href="/productList?attribute=new&amp;source=top-level-tab">Neu</a><img class="lrms-nav-primary--item-icon" alt="Neu icon" src="https://shop.rewe-static.de/rewe-navigation-service/static-images/navigation/icon-star_v1.svg"></li><li class="lrms-nav-primary--item"><a href="/productList?search=campaignKeyword%3Aweinfreunde&amp;source=top-level-tab">Weinfreunde</a><img class="lrms-nav-primary--item-icon" alt="Weinfreunde icon" src="https://shop.rewe-static.de/rewe-navigation-service/static-images/navigation/icon-vine_v1.svg"></li></ul><div class="lrms-nav-primary--change-to-rewe"> Zu REWE.de wechseln
<img class="lrms-nav-primary--item-icon" src="https://shop.rewe-static.de/rewe-navigation-service/static-images/navigation/icon-house_v1.svg" alt="icon-primary-category"></div><ul class="lrms-nav-secondary"><li class="lrms-item-back"><a href><img src class="lrms-arrow" />Zurück</a></li><li class="lrms-item"><a href="/c/vegane-vielfalt/">Vegane Vielfalt</a><img class="lrms-category-img" /><span class="lrms-show-all">Alles in Vegane Vielfalt</span></li><li class="lrms-item"><a href="/c/international/">International</a><img class="lrms-category-img" /><span class="lrms-show-all">Alles in International</span></li><li class="lrms-item"><a href="/c/regional/">Regional</a><img class="lrms-category-img" /><span class="lrms-show-all">Alles in Regional</span></li><li class="lrms-item"><a href="/c/obst-gemuese/">Obst &amp; Gemüse</a><img class="lrms-category-img" /><span class="lrms-show-all">Alles in Obst &amp; Gemüse</span></li><li class="lrms-item"><a href="/c/fleisch-fisch/">Fleisch &amp; Fisch</a><img class="lrms-category-img" /><span class="lrms-show-all">Alles in Fleisch &amp; Fisch</span></li><li class="lrms-item"><a href="/c/kaese-eier-molkerei/">Käse, Eier &amp; Molkerei</a><img class="lrms-category-img" /><span class="lrms-show-all">Alles in Käse, Eier &amp; Molkerei</span></li><li class="lrms-item"><a href="/c/tiefkuehlkost/">Tiefkühlkost</a><img class="lrms-category-img" /><span class="lrms-show-all">Alles in Tiefkühlkost</span></li><li class="lrms-item"><a href="/c/brot-cerealien-aufstriche/">Brot, Cerealien &amp; Aufstriche</a><img class="lrms-category-img" /><span class="lrms-show-all">Alles in Brot, Cerealien &amp; Aufstriche</span></li><li class="lrms-item"><a href="/c/kochen-backen/">Kochen &amp; Backen</a><img class="lrms-category-img" /><span class="lrms-show-all">Alles in Kochen &amp; Backen</span></li><li class="lrms-item"><a href="/c/oele-sossen-gewuerze/">Öle, Soßen &amp; Gewürze</a><img class="lrms-category-img" /><span class="lrms-show-all">Alles in Öle, Soßen &amp; Gewürze</span></li><li class="lrms-item"><a href="/c/fertiggerichte-konserven/">Fertiggerichte &amp; Konserven</a><img class="lrms-category-img" /><span class="lrms-show-all">Alles in Fertiggerichte &amp; Konserven</span></li><li class="lrms-item"><a href="/c/suesses-salziges/">Süßes &amp; Salziges</a><img class="lrms-category-img" /><span class="lrms-show-all">Alles in Süßes &amp; Salziges</span></li><li class="lrms-item"><a href="/c/kaffee-tee-kakao/">Kaffee, Tee &amp; Kakao</a><img class="lrms-category-img" /><span class="lrms-show-all">Alles in Kaffee, Tee &amp; Kakao</span></li><li class="lrms-item"><a href="/c/getraenke-genussmittel/">Getränke &amp; Genussmittel</a><img class="lrms-category-img" /><span class="lrms-show-all">Alles in Getränke &amp; Genussmittel</span></li><li class="lrms-item"><a href="/c/drogerie-kosmetik/">Drogerie &amp; Kosmetik</a><img class="lrms-category-img" /><span class="lrms-show-all">Alles in Drogerie &amp; Kosmetik</span></li><li class="lrms-item"><a href="/c/babybedarf/">Babybedarf</a><img class="lrms-category-img" /><span class="lrms-show-all">Alles in Babybedarf</span></li><li class="lrms-item"><a href="/c/tierbedarf/">Tierbedarf</a><img class="lrms-category-img" /><span class="lrms-show-all">Alles in Tierbedarf</span></li><li class="lrms-item"><a href="/c/kueche-haushalt/">Küche &amp; Haushalt</a><img class="lrms-category-img" /><span class="lrms-show-all">Alles in Küche &amp; Haushalt</span></li><li class="lrms-item"><a href="/c/haus-freizeit/">Haus &amp; Freizeit</a><img class="lrms-category-img" /><span class="lrms-show-all">Alles in Haus &amp; Freizeit</span></li></ul></nav></div></div><script type="application/json" id="navigation-primarymenu-datastore">
            {
                "primaryMenu": [
            { "id": "SPECIAL_ALLE_PRODUKTE",
                "name": "Sortiment",
            "link": null
            },
            { "id": "SPECIAL_MEINE_PRODUKTE",
                "name": "Deine Produkte",
            "link": "\/deine-produkte"
            },
            { "id": "SPECIAL_ANGEBOTE",
                "name": "Angebote",
            "link": "\/angebote"
            },
            { "id": "SPECIAL_MENGENRABATT",
                "name": "Mengenrabatt",
            "link": "\/productList?attribute=bulk-discounted\u0026source=top-level-tab"
            },
            { "id": "SPECIAL_BIO",
                "name": "Bio",
            "link": "\/productList?attribute=organic\u0026source=top-level-tab"
            },
            { "id": "SPECIAL_REGIONAL",
                "name": "Regional",
            "link": "\/c\/regional?source=top-level-tab"
            },
            { "id": "SPECIAL_WEIHNACHTSWELT",
                "name": "Weihnachtswelt",
            "link": "\/c\/weihnachtswelt?source=top-level-tab"
            },
            { "id": "SPECIAL_INSPIRATIONSWELTEN",
                "name": "Inspirationswelten",
            "link": "\/themen\/"
            },
            { "id": "SPECIAL_VEGANUARY",
                "name": "Vegane Vielfalt",
            "link": "\/c\/vegane-vielfalt?source=top-level-tab"
            },
            { "id": "SPECIAL_NEU",
                "name": "Neu",
            "link": "\/productList?attribute=new\u0026source=top-level-tab"
            },
            { "id": "SPECIAL_WEINFREUNDE",
                "name": "Weinfreunde",
            "link": "\/productList?search=campaignKeyword%3Aweinfreunde\u0026source=top-level-tab"
            }
            ]
            }
</script><script type="application/json" id="navigation-datastore">{"additionalUiData":{"navigationJsonEndpoint":"/api/navigation","staticAssetBaseUrl":"https://shop.rewe-static.de/rewe-navigation-service","prgEndpoint":"/api/prg","marketCode":"231011","serviceTypes":"DELIVERY","chosenService":"lieferservice","testgroups":[]}}</script></div></div><form id="shopping-list-header-button-prg-redirect-form" action="/api/prg" method="post"><input type="hidden" name="redirectUrl" value="L21laW5lLXByb2R1a3RlP2Zhdkxpc3Q9dHJ1ZQ==" /></form><script>
    if (performance) {
        typeof performance.mark === 'function' && performance.mark('@REWE_HEADER_end');
        typeof performance.measure === 'function' && performance.measure('@REWE_HEADER_duration', '@REWE_HEADER_start', '@REWE_HEADER_end');
    }
</script></header></div><div id="search-service-content"><div><div class></div><div class="IndexPage_rsProductListContent__FTyHe"><div><nav class="Breadcrumbs_Breadcrumbs__HlBDV search-service-Breadcrumbs"><div class="Breadcrumbs_BreadcrumbsWrapper___J9ZB"><div class="BreadcrumbLink_BreadcrumbLinkWrapper__skleb"><a class="BreadcrumbLink_BreadcrumbLink__hHBZH BreadcrumbLink_BreadcrumbBackLink__TomhN" href="#" id="breadcrumbLink0"><svg version="1.1" x="0px" y="0px" viewBox="0 0 580 580" xml:space="preserve" width="10px" height="10px"><path fill-rule="evenodd" fill="#cc071e" d="M143.409,24.32c0-25.958,15.039-31.907,32.836-14.114 l246.901,246.843c18.115,18.172,17.737,47.976,0,65.71L176.298,569.607c-18.121,18.121-32.832,12.012-32.832-14.172L143.409,24.32z"></path></svg>Zurück</a></div><div class="BreadcrumbLink_BreadcrumbLinkWrapper__skleb">Fleisch &amp; Fisch</div></div></nav><script type="application/ld+json">{"@context":"https://schema.org","@type":"BreadcrumbList","itemListElement":[{"@type":"ListItem","position":1,"item":{"@id":"https://shop.rewe.de/c/fleisch-fisch/","name":"Fleisch &amp; Fisch"}}]}</script></div><div class="Gam_gamBox__wjHjH"><meso-data id="57d523a4-e71b-48f3-8202-de0daca8c747" data-targeting="%7B%22productlistPageType%22%3A%22categories%22%2C%22category%22%3A%22fleisch-fisch%22%2C%22searchTerm%22%3A%22*%22%2C%22products%22%3A%5B%22333139%22%2C%227776274%22%2C%228523840%22%2C%22135750%22%2C%228635566%22%2C%228403429%22%2C%227937621%22%2C%221287072%22%2C%228653611%22%2C%22204042%22%2C%224277902%22%2C%227848294%22%2C%222231617%22%2C%228731702%22%2C%22141114%22%2C%22206057%22%2C%228766406%22%2C%228730859%22%2C%222909311%22%2C%227808032%22%2C%228178294%22%2C%228969847%22%2C%227713371%22%2C%221267719%22%2C%22489049%22%2C%228254461%22%2C%227789471%22%2C%228437260%22%2C%221424183%22%2C%228583362%22%2C%228139443%22%2C%221402241%22%2C%227788585%22%2C%22715195%22%2C%222327516%22%2C%222167965%22%2C%222327613%22%2C%222642247%22%2C%22204051%22%2C%22755656%22%2C%222927443%22%2C%222327591%22%2C%227829813%22%2C%222722550%22%2C%227271321%22%2C%227054479%22%5D%2C%22attribute%22%3Anull%2C%22brand%22%3Anull%7D"><div id="gam-topbanner"></div><script meso-options="place-in-header">
                            if(!gamSlots){
                                 var gamSlots = {};
                            }
                            window.googletag = window.googletag || { cmd: [] };
                            var mesoData = document.querySelector("#gam-topbanner").closest("meso-data");
                            googletag.cmd.push(function() {
                                var slot = googletag
                                .sizeMapping()
                                .addSize([1470, 0], [[1450, 228], 'fluid']).addSize([1300, 0], [[1280, 200], 'fluid']).addSize([810, 0], [[800, 160], 'fluid']).addSize([610, 0], [[600, 160], 'fluid']).addSize([370, 0], [[360, 130], 'fluid']).addSize([0, 0], [[320, 130], 'fluid'])
                                .build();
                                
                                gamSlots["topbanner"] = googletag.defineSlot(
                                                '/22738821176/shop.rewe.de/categories/category_topbanner', 
                                                 [[1450, 228], [320, 130], [1280, 200], [800, 160], [360, 130], [600, 160], [320, 160], 'fluid'],
                                                'gam-topbanner'
                                ).defineSizeMapping(slot).addService(googletag.pubads());
                                        
                                
                                googletag.pubads().setTargeting('serviceType','DELIVERY');
googletag.pubads().setTargeting('market','231011');
googletag.pubads().setTargeting('loginStatus','logged-in');
googletag.pubads().setTargeting('zip','86156');
googletag.pubads().setTargeting('uuid','8c7a0cb143ac817b536557c6c537b5953c7df8d3c3478324b123c82359aa6dd2');
googletag.pubads().setPublisherProvidedId('8c7a0cb143ac817b536557c6c537b5953c7df8d3c3478324b123c82359aa6dd2');

                            
                                try {
                                    if(mesoData.getAttribute("data-targeting")){
                                        var targeting = JSON.parse(decodeURIComponent(mesoData.getAttribute("data-targeting")));
                                        for (var key in targeting) {
                                            if (targeting.hasOwnProperty(key)) {
                                                var value = targeting[key];
                                                if (!value) {
                                                    value = "";
                                                }
                                                googletag.pubads().setTargeting(key, value);
                                            }
                                        }
                                    }
                                } catch(e) {}
                                googletag.pubads().enableSingleRequest();
                                googletag.pubads().collapseEmptyDivs();
                                googletag.enableServices();
                            });
                        </script><script>
                             googletag.cmd.push(function() {
                                 googletag.display('gam-topbanner');
                             });
                        </script></meso-data></div><div class="DisplayOptions_rsDisplayoptions__hRxoG search-service-rsDisplayoptions"><span class="ResultsText_rsResultsText__X3oyb"><h1 class="ResultsText_rsResultsTextHeadline__B_Vc2">Fleisch &amp; Fisch</h1>585 Artikel</span><span class="DisplayOptions_rsDisplayoptionsMobileDropdownContainer__72s02"><span class="DisplayOptions_rsDisplayoptionsFilterControl__t_Ha5 CategoryDropdown_categoryDropdownActive__ssIKz CategoryDropdown_categoryDropdownActive__ssIKz"><span class="CategoryDropdown_categoryDropdownLabelActiveState__mCOFy">Kategorie</span><span class="CategoryDropdown_categoryDropdownActiveCategory__Fl7Ou">Fleisch &amp; Fisch</span></span><span class="DisplayOptions_rsDisplayoptionsFilterControl__t_Ha5 DisplayOptions_rsDisplayoptionsFilterControlFilter__WLkdj"><span>Filter</span><span class="FilterIcon_filterIcon__3c72l"></span></span></span><span class="DisplayOptions_rsDisplayoptionsRightHideInMobile__8PONI"><span class="Select_rsSelectWrapper__SWvmT DisplayOptions_rsDisplayoptionsObjectPerPageSelect__iaR3R" id="objectsPerPage"><label for="objectsPerPage" class="Select_rsSelectLabel__MyX9W Select_rsSelectText__U_NgU">Artikel pro Seite</label><span class="Select_rsSelectcontrolwrapper___bVGY"><select id="objectsPerPage" name="objectsPerPage" class="Select_rsSelect__qwGEE Select_rsSelectText__U_NgU"><option value="10">10</option><option value="20">20</option><option selected value="40">40</option><option value="80">80</option></select><div class="Select_rsGlyphiconextDoubleArrowVertical__TA0uy"></div></span></span><span class="Select_rsSelectWrapper__SWvmT DisplayOptions_rsDisplayoptionsSortingSelect__0lUbs" id="sorting"><label for="sorting" class="Select_rsSelectLabel__MyX9W Select_rsSelectText__U_NgU">Sortieren</label><span class="Select_rsSelectcontrolwrapper___bVGY"><select id="sorting" name="sorting" class="Select_rsSelect__qwGEE Select_rsSelectText__U_NgU"><option selected value="RELEVANCE_DESC">Relevanz</option><option value="TOPSELLER_DESC">Beliebtheit</option><option value="NAME_ASC">Name</option><option value="PRICE_ASC">Preis aufsteigend</option><option value="PRICE_DESC">Preis absteigend</option></select><div class="Select_rsGlyphiconextDoubleArrowVertical__TA0uy"></div></span></span></span></div><div class="IndexPage_rsFacetedProductList__lPS4u"><div class="MobileFullScreenModal_mobileFullScreenModal__Rzwoy MobileFullScreenModal_hideMobileFullScreenModal__OEe_d"><div class="FacetListMobile_facetListMobileDetailView__i3Ggm"></div><div class="FacetListMobile_facetListMobileOverView__HOY67 FacetListMobile_facetListMobileOverViewActive__IGcAZ"><div class="FacetListMobile_facetListMobileHeader__bxY9w"><h3 class="FacetListMobile_facetListMobileHeadline__6lzWj">Filter</h3></div><ul class="FacetListMobile_facetListMobile__GndcA"><li class="FacetListMobile_facetListMobileGroupTitle__yhH_5 FacetListMobile_facetListMobileGroupTitleSelected__qIrNl"><button class="FacetGroupTitle_rsFacetGroupTitleContainer__FUWdk FacetGroupTitle_rsFacetGroupTitleMobile__KvGBc" aria-label="Sortieren nach-Filter anzeigen "><div class="FacetGroupTitle_titleWrapper__S62Fc"><span class="FacetGroupTitle_facetListMobileTitle__wrNcN">Sortieren nach</span><span class="FacetGroupTitle_facetListMobileSubtitle__P5VK4">Relevanz</span></div><span class="FacetGroupTitle_rsFacetGroupToggleIcon__THc6m FacetGroupTitle_rsFacetGroupToggleIconClosed__u2_eX FacetGroupTitle_rsFacetGroupToggleIconMobile__0YkeU"><svg version="1.1" x="0px" y="0px" viewBox="0 0 24 24" xml:space="preserve" width="24px" height="24px"><path fill="#4C4C4C" fill-rule="evenodd" d="M12 11.414l4.293 4.293a1 1 0 1 0 1.414-1.414l-5-5a1 1 0 0 0-1.414 0l-5 5a1 1 0 1 0 1.414 1.414L12 11.414z"></path></svg></span></button></li><li class="FacetListMobile_facetListMobileGroupTitle__yhH_5"><button class="FacetGroupTitle_rsFacetGroupTitleContainer__FUWdk FacetGroupTitle_rsFacetGroupTitleMobile__KvGBc" aria-label="Eigenschaften-Filter anzeigen "><div class="FacetGroupTitle_titleWrapper__S62Fc"><span class="FacetGroupTitle_facetListMobileTitle__wrNcN">Eigenschaften</span></div><span class="FacetGroupTitle_rsFacetGroupToggleIcon__THc6m FacetGroupTitle_rsFacetGroupToggleIconClosed__u2_eX FacetGroupTitle_rsFacetGroupToggleIconMobile__0YkeU"><svg version="1.1" x="0px" y="0px" viewBox="0 0 24 24" xml:space="preserve" width="24px" height="24px"><path fill="#4C4C4C" fill-rule="evenodd" d="M12 11.414l4.293 4.293a1 1 0 1 0 1.414-1.414l-5-5a1 1 0 0 0-1.414 0l-5 5a1 1 0 1 0 1.414 1.414L12 11.414z"></path></svg></span></button></li><li class="FacetListMobile_facetListMobileGroupTitle__yhH_5"><button class="FacetGroupTitle_rsFacetGroupTitleContainer__FUWdk FacetGroupTitle_rsFacetGroupTitleMobile__KvGBc" aria-label="Marken-Filter anzeigen "><div class="FacetGroupTitle_titleWrapper__S62Fc"><span class="FacetGroupTitle_facetListMobileTitle__wrNcN">Marken</span></div><span class="FacetGroupTitle_rsFacetGroupToggleIcon__THc6m FacetGroupTitle_rsFacetGroupToggleIconClosed__u2_eX FacetGroupTitle_rsFacetGroupToggleIconMobile__0YkeU"><svg version="1.1" x="0px" y="0px" viewBox="0 0 24 24" xml:space="preserve" width="24px" height="24px"><path fill="#4C4C4C" fill-rule="evenodd" d="M12 11.414l4.293 4.293a1 1 0 1 0 1.414-1.414l-5-5a1 1 0 0 0-1.414 0l-5 5a1 1 0 1 0 1.414 1.414L12 11.414z"></path></svg></span></button></li></ul></div><div class="FacetListMobile_filterApplyButtonContainer__x_Q2B"><span class="FacetListMobile_filterResultsCount__OC0W0">585<!-- --><!-- -->Ergebnisse</span><button type="button" class="FacetListMobile_filterButton__eVePv FacetListMobile_filterCloseButton__J5w6Q">Filter schließen</button></div></div><div class="MobileFullScreenModal_mobileFullScreenModal__Rzwoy MobileFullScreenModal_hideMobileFullScreenModal__OEe_d"><div class="CategoryFacetListMobile_categoryFacetListMobileHeaderContainer__fHgPk"><div class="CategoryFacetListMobile_categoryFacetListMobileHeader__pJ9Io"><h3 class="CategoryFacetListMobile_categoryFacetListMobileHeadline__WSzjp">Kategorie filtern</h3><button type="button" class="CategoryFacetListMobile_categoryFacetListMobileHeaderCloseButton__Oo1QE"><svg width="12" height="12" viewBox="0 0 13 13"><g stroke="none" stroke-width="1" fill="#4a4a4a" fill-rule="evenodd"><path d="M6.303,4.89 L10.546,0.646 C10.936,0.256 11.57,0.256 11.96,0.646 C12.35,1.037 12.35,1.67 11.96,2.061 L7.718,6.303 L11.96,10.546 C12.35,10.936 12.35,11.57 11.96,11.96 C11.57,12.35 10.936,12.35 10.546,11.96 L6.303,7.718 L2.061,11.96 C1.671,12.35 1.037,12.35 0.646,11.96 C0.256,11.57 0.256,10.936 0.646,10.546 L4.889,6.303 L0.646,2.061 C0.256,1.671 0.256,1.037 0.646,0.646 C1.037,0.256 1.67,0.256 2.061,0.646 L6.303,4.889 L6.303,4.89 Z"></path></g></svg></button></div><div class="CategoryFacetListMobile_categoryFacetListMobileHeaderActiveCategory__NZcgG"><span class="CategoryFacetListMobile_categoryFacetListMobileHeaderActiveCategoryLabel__90oRE">Fleisch &amp; Fisch</span><div class="FacetsResetLink_facetsResetLinkSlidingNav__c800l" aria-label="CATEGORY zurücksetzen">Zurücksetzen</div></div></div><ul class="CategoryFacetListMobile_categoriesList__ZkqXY"><li class="CategoryFacetListMobile_categoriesListItem__1qFT_"><a class="FacetOptionCategoryLink_facetOptionCategoryLink__pbsjO" title="Wurst &amp; Aufschnitt" href="https://shop.rewe.de/c/wurst-aufschnitt/"><span class="FacetOptionCategoryLinkInner_facetOptionCategoryLinkInner__CXi4a"><span class="FacetOptionCategoryLinkInner_facetOptionCategoryLinkInnerLabel__radtA FacetOptionCategoryLinkInner_facetOptionCategoryLinkInnerLabelWithoutIcon___bWGd">Wurst &amp; Aufschnitt</span></span></a></li><li class="CategoryFacetListMobile_categoriesListItem__1qFT_"><a class="FacetOptionCategoryLink_facetOptionCategoryLink__pbsjO" title="Fisch &amp; Meeresfrüchte" href="https://shop.rewe.de/c/fisch-meeresfruechte/"><span class="FacetOptionCategoryLinkInner_facetOptionCategoryLinkInner__CXi4a"><span class="FacetOptionCategoryLinkInner_facetOptionCategoryLinkInnerLabel__radtA FacetOptionCategoryLinkInner_facetOptionCategoryLinkInnerLabelWithoutIcon___bWGd">Fisch &amp; Meeresfrüchte</span></span></a></li><li class="CategoryFacetListMobile_categoriesListItem__1qFT_"><a class="FacetOptionCategoryLink_facetOptionCategoryLink__pbsjO" title="Fleisch" href="https://shop.rewe.de/c/fleisch/"><span class="FacetOptionCategoryLinkInner_facetOptionCategoryLinkInner__CXi4a"><span class="FacetOptionCategoryLinkInner_facetOptionCategoryLinkInnerLabel__radtA FacetOptionCategoryLinkInner_facetOptionCategoryLinkInnerLabelWithoutIcon___bWGd">Fleisch</span></span></a></li><li class="CategoryFacetListMobile_categoriesListItem__1qFT_"><a class="FacetOptionCategoryLink_facetOptionCategoryLink__pbsjO" title="Fleischalternativen" href="https://shop.rewe.de/c/fleischalternativen/"><span class="FacetOptionCategoryLinkInner_facetOptionCategoryLinkInner__CXi4a"><span class="FacetOptionCategoryLinkInner_facetOptionCategoryLinkInnerLabel__radtA FacetOptionCategoryLinkInner_facetOptionCategoryLinkInnerLabelWithoutIcon___bWGd">Fleischalternativen</span></span></a></li></ul></div><aside class="FacetList_hideInMobileView__b8qwQ"><ul class="FacetList_rsFacetGroupListContainer__yfKPI" aria-label="Produktfilter"><li class="FacetGroupContainer_facetGroupContainer__mwQV7 NavFacetGroup_navFacetGroupContainerCategoryHiddenInMobile__sMnH0" aria-label="Kategorien-Filter"><button class="FacetGroupTitle_rsFacetGroupTitleContainer__FUWdk FacetGroupTitle_rsFacetGroupTitle__H7Kji" aria-label="Kategorien-Filter ausblenden "><div class="FacetGroupTitle_titleWrapper__S62Fc"><span class="FacetGroupTitle_facetListMobileTitle__wrNcN">Kategorien</span></div><span class="FacetGroupTitle_rsFacetGroupToggleIcon__THc6m"><svg version="1.1" x="0px" y="0px" viewBox="0 0 24 24" xml:space="preserve" width="24px" height="24px"><path fill="#4C4C4C" fill-rule="evenodd" d="M12 11.414l4.293 4.293a1 1 0 1 0 1.414-1.414l-5-5a1 1 0 0 0-1.414 0l-5 5a1 1 0 1 0 1.414 1.414L12 11.414z"></path></svg></span></button><div class="ExpandCollapse_ExpandCollapse__5ED0n"><div class="ExpandCollapse_ExpandCollapseExpander__7im9A" style="max-height:1500px"><div class="NavFacetGroup_navFacetGroupContainerFacetOptionList__bIqp_ NavFacetGroup_navFacetGroupContainerFacetOptionListCategories___hC6L"><ul class="NavFacetGroup_navFacetGroupList__vreDw"><li class="FacetOption_rsFacetGroupContainerIndentedFacetOptionLevel1__iN7ix FacetOption_rsFacetGroupContainerCategoryFacetOption__Tt8mT FacetOption_rsFacetGroupContainerCategoryFacetOptionApplied__gI2K_"><a class="FacetOptionCategoryLink_facetOptionCategoryLink__pbsjO FacetOptionCategoryLink_facetOptionCategoryLinkApplied__dHZPk" title="Fleisch &amp; Fisch" href="https://shop.rewe.de/c/fleisch-fisch/"><span class="FacetOptionCategoryLinkInner_facetOptionCategoryLinkInner__CXi4a"><div class="CategoryIcon_CategoryIconContainer__WiQMc"><div class="CategoryIcon_CategoryIcon__poQsL CategoryIcon_CategoryIconAppliedMeat__TBW4d"></div><div class="CategoryIcon_CategoryIconHover__9UTr7 CategoryIcon_CategoryIconHoverMeat__Zm9Tf"></div></div><span class="FacetOptionCategoryLinkInner_facetOptionCategoryLinkInnerLabel__radtA FacetOptionCategoryLinkInner_facetOptionCategoryLinkInnerApplied__C3YR2">Fleisch &amp; Fisch</span></span></a></li><ul class="FacetOptions_rsFacetGroupContainerIndentedFacetOption__N92Ls"><li class="FacetOption_rsFacetGroupContainerIndentedFacetOptionLevel2__SbBB2 FacetOption_rsFacetGroupContainerCategoryFacetOption__Tt8mT"><a class="FacetOptionCategoryLink_facetOptionCategoryLink__pbsjO" title="Wurst &amp; Aufschnitt" href="https://shop.rewe.de/c/wurst-aufschnitt/"><span class="FacetOptionCategoryLinkInner_facetOptionCategoryLinkInner__CXi4a"><span class="FacetOptionCategoryLinkInner_facetOptionCategoryLinkInnerLabel__radtA">Wurst &amp; Aufschnitt</span></span></a></li><li class="FacetOption_rsFacetGroupContainerIndentedFacetOptionLevel2__SbBB2 FacetOption_rsFacetGroupContainerCategoryFacetOption__Tt8mT"><a class="FacetOptionCategoryLink_facetOptionCategoryLink__pbsjO" title="Fisch &amp; Meeresfrüchte" href="https://shop.rewe.de/c/fisch-meeresfruechte/"><span class="FacetOptionCategoryLinkInner_facetOptionCategoryLinkInner__CXi4a"><span class="FacetOptionCategoryLinkInner_facetOptionCategoryLinkInnerLabel__radtA">Fisch &amp; Meeresfrüchte</span></span></a></li><li class="FacetOption_rsFacetGroupContainerIndentedFacetOptionLevel2__SbBB2 FacetOption_rsFacetGroupContainerCategoryFacetOption__Tt8mT"><a class="FacetOptionCategoryLink_facetOptionCategoryLink__pbsjO" title="Fleisch" href="https://shop.rewe.de/c/fleisch/"><span class="FacetOptionCategoryLinkInner_facetOptionCategoryLinkInner__CXi4a"><span class="FacetOptionCategoryLinkInner_facetOptionCategoryLinkInnerLabel__radtA">Fleisch</span></span></a></li><li class="FacetOption_rsFacetGroupContainerIndentedFacetOptionLevel2__SbBB2 FacetOption_rsFacetGroupContainerCategoryFacetOption__Tt8mT"><a class="FacetOptionCategoryLink_facetOptionCategoryLink__pbsjO" title="Fleischalternativen" href="https://shop.rewe.de/c/fleischalternativen/"><span class="FacetOptionCategoryLinkInner_facetOptionCategoryLinkInner__CXi4a"><span class="FacetOptionCategoryLinkInner_facetOptionCategoryLinkInnerLabel__radtA">Fleischalternativen</span></span></a></li></ul></ul></div><div class="FacetsResetLink_facetsResetLink__zImeg" aria-label="Zurück zur Übersicht">Zurück zur Übersicht</div></div></div></li><li class="FacetGroupContainer_facetGroupContainer__mwQV7" aria-label="Eigenschaften-Filter"><button class="FacetGroupTitle_rsFacetGroupTitleContainer__FUWdk FacetGroupTitle_rsFacetGroupTitle__H7Kji" aria-label="Eigenschaften-Filter ausblenden "><div class="FacetGroupTitle_titleWrapper__S62Fc"><span class="FacetGroupTitle_facetListMobileTitle__wrNcN">Eigenschaften</span></div><span class="FacetGroupTitle_rsFacetGroupToggleIcon__THc6m"><svg version="1.1" x="0px" y="0px" viewBox="0 0 24 24" xml:space="preserve" width="24px" height="24px"><path fill="#4C4C4C" fill-rule="evenodd" d="M12 11.414l4.293 4.293a1 1 0 1 0 1.414-1.414l-5-5a1 1 0 0 0-1.414 0l-5 5a1 1 0 1 0 1.414 1.414L12 11.414z"></path></svg></span></button><div class="ExpandCollapse_ExpandCollapse__5ED0n"><div class="ExpandCollapse_ExpandCollapseExpander__7im9A" style="max-height:1500px"><div class="SimpleFacetGroup_rsFacetGroupContainerFacetOptionList__OoeUO"><ul class="SimpleFacetGroup_simpleFacetGroupList__PruHU"><li class="FacetOption_rsFacetGroupContainerFacetOption__Cvf0_"><div class="FacetOptionLink_rsFacetGroupContainerFacetOptionLinkActive__gPkh9" title="Angebote" id="ATTRIBUTE-Angebote"><form method="post" action="/api/prg"><input type="hidden" name="redirectUrl" value="aHR0cHM6Ly9zaG9wLnJld2UuZGUvYy9mbGVpc2NoLWZpc2NoLz9hdHRyaWJ1dGU9ZGlzY291bnRlZA" /><button type="submit" class="PostRequestGetForm_PostRequestGetFormButton__9Sp2R"><div class="FacetOptionLinkInner_rsFacetGroupContainerFacetOptionLink__NwS54"><div class="FacetOptionLinkInner_rsFacetGroupContainerFacetOptionCheckbox__qD9YP"><div class="FacetOptionLinkInner_rsFacetGroupContainerFacetOptionCheckboxTick__mNywB FacetOptionLinkInner_rsFacetGroupContainerFacetOptionCheckboxTickInactive__xDQ_I"></div></div><span class="FacetOptionLabel_facetGroupContainerFacetOptionName__PZPeO"><span>Angebote</span></span></div></button></form></div></li><li class="FacetOption_rsFacetGroupContainerFacetOption__Cvf0_"><div class="FacetOptionLink_rsFacetGroupContainerFacetOptionLinkActive__gPkh9" title="Bio" id="ATTRIBUTE-Bio"><form method="post" action="/api/prg"><input type="hidden" name="redirectUrl" value="aHR0cHM6Ly9zaG9wLnJld2UuZGUvYy9mbGVpc2NoLWZpc2NoLz9hdHRyaWJ1dGU9b3JnYW5pYw" /><button type="submit" class="PostRequestGetForm_PostRequestGetFormButton__9Sp2R"><div class="FacetOptionLinkInner_rsFacetGroupContainerFacetOptionLink__NwS54"><div class="FacetOptionLinkInner_rsFacetGroupContainerFacetOptionCheckbox__qD9YP"><div class="FacetOptionLinkInner_rsFacetGroupContainerFacetOptionCheckboxTick__mNywB FacetOptionLinkInner_rsFacetGroupContainerFacetOptionCheckboxTickInactive__xDQ_I"></div></div><span class="FacetOptionLabel_facetGroupContainerFacetOptionName__PZPeO"><span>Bio</span></span></div></button></form></div></li><li class="FacetOption_rsFacetGroupContainerFacetOption__Cvf0_"><div class="FacetOptionLink_rsFacetGroupContainerFacetOptionLinkActive__gPkh9" title="Glutenfrei" id="ATTRIBUTE-Glutenfrei"><form method="post" action="/api/prg"><input type="hidden" name="redirectUrl" value="aHR0cHM6Ly9zaG9wLnJld2UuZGUvYy9mbGVpc2NoLWZpc2NoLz9hdHRyaWJ1dGU9Z2x1dGVuZnJlZQ" /><button type="submit" class="PostRequestGetForm_PostRequestGetFormButton__9Sp2R"><div class="FacetOptionLinkInner_rsFacetGroupContainerFacetOptionLink__NwS54"><div class="FacetOptionLinkInner_rsFacetGroupContainerFacetOptionCheckbox__qD9YP"><div class="FacetOptionLinkInner_rsFacetGroupContainerFacetOptionCheckboxTick__mNywB FacetOptionLinkInner_rsFacetGroupContainerFacetOptionCheckboxTickInactive__xDQ_I"></div></div><span class="FacetOptionLabel_facetGroupContainerFacetOptionName__PZPeO"><span>Glutenfrei</span></span></div></button></form></div></li><li class="FacetOption_rsFacetGroupContainerFacetOption__Cvf0_"><div class="FacetOptionLink_rsFacetGroupContainerFacetOptionLinkActive__gPkh9" title="Laktosefrei" id="ATTRIBUTE-Laktosefrei"><form method="post" action="/api/prg"><input type="hidden" name="redirectUrl" value="aHR0cHM6Ly9zaG9wLnJld2UuZGUvYy9mbGVpc2NoLWZpc2NoLz9hdHRyaWJ1dGU9bGFjdG9zZWZyZWU" /><button type="submit" class="PostRequestGetForm_PostRequestGetFormButton__9Sp2R"><div class="FacetOptionLinkInner_rsFacetGroupContainerFacetOptionLink__NwS54"><div class="FacetOptionLinkInner_rsFacetGroupContainerFacetOptionCheckbox__qD9YP"><div class="FacetOptionLinkInner_rsFacetGroupContainerFacetOptionCheckboxTick__mNywB FacetOptionLinkInner_rsFacetGroupContainerFacetOptionCheckboxTickInactive__xDQ_I"></div></div><span class="FacetOptionLabel_facetGroupContainerFacetOptionName__PZPeO"><span>Laktosefrei</span></span></div></button></form></div></li><li class="FacetOption_rsFacetGroupContainerFacetOption__Cvf0_"><div class="FacetOptionLink_rsFacetGroupContainerFacetOptionLinkActive__gPkh9" title="Mengenrabatt" id="ATTRIBUTE-Mengenrabatt"><form method="post" action="/api/prg"><input type="hidden" name="redirectUrl" value="aHR0cHM6Ly9zaG9wLnJld2UuZGUvYy9mbGVpc2NoLWZpc2NoLz9hdHRyaWJ1dGU9YnVsay1kaXNjb3VudGVk" /><button type="submit" class="PostRequestGetForm_PostRequestGetFormButton__9Sp2R"><div class="FacetOptionLinkInner_rsFacetGroupContainerFacetOptionLink__NwS54"><div class="FacetOptionLinkInner_rsFacetGroupContainerFacetOptionCheckbox__qD9YP"><div class="FacetOptionLinkInner_rsFacetGroupContainerFacetOptionCheckboxTick__mNywB FacetOptionLinkInner_rsFacetGroupContainerFacetOptionCheckboxTickInactive__xDQ_I"></div></div><span class="FacetOptionLabel_facetGroupContainerFacetOptionName__PZPeO"><span>Mengenrabatt</span></span></div></button></form></div></li><li class="FacetOption_rsFacetGroupContainerFacetOption__Cvf0_"><div class="FacetOptionLink_rsFacetGroupContainerFacetOptionLinkActive__gPkh9" title="Neu" id="ATTRIBUTE-Neu"><form method="post" action="/api/prg"><input type="hidden" name="redirectUrl" value="aHR0cHM6Ly9zaG9wLnJld2UuZGUvYy9mbGVpc2NoLWZpc2NoLz9hdHRyaWJ1dGU9bmV3" /><button type="submit" class="PostRequestGetForm_PostRequestGetFormButton__9Sp2R"><div class="FacetOptionLinkInner_rsFacetGroupContainerFacetOptionLink__NwS54"><div class="FacetOptionLinkInner_rsFacetGroupContainerFacetOptionCheckbox__qD9YP"><div class="FacetOptionLinkInner_rsFacetGroupContainerFacetOptionCheckboxTick__mNywB FacetOptionLinkInner_rsFacetGroupContainerFacetOptionCheckboxTickInactive__xDQ_I"></div></div><span class="FacetOptionLabel_facetGroupContainerFacetOptionName__PZPeO"><span>Neu</span></span></div></button></form></div></li><li class="FacetOption_rsFacetGroupContainerFacetOption__Cvf0_"><div class="FacetOptionLink_rsFacetGroupContainerFacetOptionLinkActive__gPkh9" title="Regional" id="ATTRIBUTE-Regional"><form method="post" action="/api/prg"><input type="hidden" name="redirectUrl" value="aHR0cHM6Ly9zaG9wLnJld2UuZGUvYy9mbGVpc2NoLWZpc2NoLz9hdHRyaWJ1dGU9cmVnaW9uYWw" /><button type="submit" class="PostRequestGetForm_PostRequestGetFormButton__9Sp2R"><div class="FacetOptionLinkInner_rsFacetGroupContainerFacetOptionLink__NwS54"><div class="FacetOptionLinkInner_rsFacetGroupContainerFacetOptionCheckbox__qD9YP"><div class="FacetOptionLinkInner_rsFacetGroupContainerFacetOptionCheckboxTick__mNywB FacetOptionLinkInner_rsFacetGroupContainerFacetOptionCheckboxTickInactive__xDQ_I"></div></div><span class="FacetOptionLabel_facetGroupContainerFacetOptionName__PZPeO"><span>Regional</span></span></div></button></form></div></li><li class="FacetOption_rsFacetGroupContainerFacetOption__Cvf0_"><div class="FacetOptionLink_rsFacetGroupContainerFacetOptionLinkActive__gPkh9" title="Vegan" id="ATTRIBUTE-Vegan"><form method="post" action="/api/prg"><input type="hidden" name="redirectUrl" value="aHR0cHM6Ly9zaG9wLnJld2UuZGUvYy9mbGVpc2NoLWZpc2NoLz9hdHRyaWJ1dGU9dmVnYW4" /><button type="submit" class="PostRequestGetForm_PostRequestGetFormButton__9Sp2R"><div class="FacetOptionLinkInner_rsFacetGroupContainerFacetOptionLink__NwS54"><div class="FacetOptionLinkInner_rsFacetGroupContainerFacetOptionCheckbox__qD9YP"><div class="FacetOptionLinkInner_rsFacetGroupContainerFacetOptionCheckboxTick__mNywB FacetOptionLinkInner_rsFacetGroupContainerFacetOptionCheckboxTickInactive__xDQ_I"></div></div><span class="FacetOptionLabel_facetGroupContainerFacetOptionName__PZPeO"><span>Vegan</span></span></div></button></form></div></li><li class="FacetOption_rsFacetGroupContainerFacetOption__Cvf0_"><div class="FacetOptionLink_rsFacetGroupContainerFacetOptionLinkActive__gPkh9" title="Vegetarisch" id="ATTRIBUTE-Vegetarisch"><form method="post" action="/api/prg"><input type="hidden" name="redirectUrl" value="aHR0cHM6Ly9zaG9wLnJld2UuZGUvYy9mbGVpc2NoLWZpc2NoLz9hdHRyaWJ1dGU9dmVnZXRhcmlhbg" /><button type="submit" class="PostRequestGetForm_PostRequestGetFormButton__9Sp2R"><div class="FacetOptionLinkInner_rsFacetGroupContainerFacetOptionLink__NwS54"><div class="FacetOptionLinkInner_rsFacetGroupContainerFacetOptionCheckbox__qD9YP"><div class="FacetOptionLinkInner_rsFacetGroupContainerFacetOptionCheckboxTick__mNywB FacetOptionLinkInner_rsFacetGroupContainerFacetOptionCheckboxTickInactive__xDQ_I"></div></div><span class="FacetOptionLabel_facetGroupContainerFacetOptionName__PZPeO"><span>Vegetarisch</span></span></div></button></form></div></li></ul></div></div></div></li><li class="FacetGroupContainer_facetGroupContainer__mwQV7" aria-label="Marken-Filter"><button class="FacetGroupTitle_rsFacetGroupTitleContainer__FUWdk FacetGroupTitle_rsFacetGroupTitle__H7Kji" aria-label="Marken-Filter ausblenden "><div class="FacetGroupTitle_titleWrapper__S62Fc"><span class="FacetGroupTitle_facetListMobileTitle__wrNcN">Marken</span></div><span class="FacetGroupTitle_rsFacetGroupToggleIcon__THc6m"><svg version="1.1" x="0px" y="0px" viewBox="0 0 24 24" xml:space="preserve" width="24px" height="24px"><path fill="#4C4C4C" fill-rule="evenodd" d="M12 11.414l4.293 4.293a1 1 0 1 0 1.414-1.414l-5-5a1 1 0 0 0-1.414 0l-5 5a1 1 0 1 0 1.414 1.414L12 11.414z"></path></svg></span></button><div class="ExpandCollapse_ExpandCollapse__5ED0n"><div class="ExpandCollapse_ExpandCollapseExpander__7im9A" style="max-height:1500px"><div class="FilterFacetGroup_rsFilterFacetContainer__S8lSo"><ul class="FilterFacetGroup_rsFacetGroupContainerFacetOptionList__LrvJv"></ul><div class="FilterFacetGroup_rsFacetGroupSearchfilterContainer__McZ5L"><input type="text" class="FilterFacetGroup_rsFacetGroupSearchfilterContainerInput___12sJ" placeholder="Marke finden" /><div class="FilterFacetGroup_rsFacetGroupSearchfilterIconMagnifier__Yaw3B"></div></div><div class="FilterListScroller_filterList__vYOYw"><ul class="FilterFacetGroup_rsFacetGroupContainerFacetOptionList__LrvJv"><li class="FacetOption_rsFacetGroupContainerFacetOption__Cvf0_"><div class="FacetOptionLink_rsFacetGroupContainerFacetOptionLinkActive__gPkh9" title="ja!" id="BRAND-ja!"><form method="post" action="/api/prg"><input type="hidden" name="redirectUrl" value="aHR0cHM6Ly9zaG9wLnJld2UuZGUvYy9mbGVpc2NoLWZpc2NoLz9icmFuZD1qYSUyMQ" /><button type="submit" class="PostRequestGetForm_PostRequestGetFormButton__9Sp2R"><div class="FacetOptionLinkInner_rsFacetGroupContainerFacetOptionLink__NwS54"><div class="FacetOptionLinkInner_rsFacetGroupContainerFacetOptionCheckbox__qD9YP"><div class="FacetOptionLinkInner_rsFacetGroupContainerFacetOptionCheckboxTick__mNywB FacetOptionLinkInner_rsFacetGroupContainerFacetOptionCheckboxTickInactive__xDQ_I"></div></div><span class="FacetOptionLabel_facetGroupContainerFacetOptionName__PZPeO"><span>ja!</span></span></div></button></form></div></li><li class="FacetOption_rsFacetGroupContainerFacetOption__Cvf0_"><div class="FacetOptionLink_rsFacetGroupContainerFacetOptionLinkActive__gPkh9" title="REWE Regional" id="BRAND-REWE Regional"><form method="post" action="/api/prg"><input type="hidden" name="redirectUrl" value="aHR0cHM6Ly9zaG9wLnJld2UuZGUvYy9mbGVpc2NoLWZpc2NoLz9icmFuZD1SRVdFJTIwUmVnaW9uYWw" /><button type="submit" class="PostRequestGetForm_PostRequestGetFormButton__9Sp2R"><div class="FacetOptionLinkInner_rsFacetGroupContainerFacetOptionLink__NwS54"><div class="FacetOptionLinkInner_rsFacetGroupContainerFacetOptionCheckbox__qD9YP"><div class="FacetOptionLinkInner_rsFacetGroupContainerFacetOptionCheckboxTick__mNywB FacetOptionLinkInner_rsFacetGroupContainerFacetOptionCheckboxTickInactive__xDQ_I"></div></div><span class="FacetOptionLabel_facetGroupContainerFacetOptionName__PZPeO"><span>REWE Regional</span></span></div></button></form></div></li><li class="FacetOption_rsFacetGroupContainerFacetOption__Cvf0_"><div class="FacetOptionLink_rsFacetGroupContainerFacetOptionLinkActive__gPkh9" title="REWE Beste Wahl" id="BRAND-REWE Beste Wahl"><form method="post" action="/api/prg"><input type="hidden" name="redirectUrl" value="aHR0cHM6Ly9zaG9wLnJld2UuZGUvYy9mbGVpc2NoLWZpc2NoLz9icmFuZD1SRVdFJTIwQmVzdGUlMjBXYWhs" /><button type="submit" class="PostRequestGetForm_PostRequestGetFormButton__9Sp2R"><div class="FacetOptionLinkInner_rsFacetGroupContainerFacetOptionLink__NwS54"><div class="FacetOptionLinkInner_rsFacetGroupContainerFacetOptionCheckbox__qD9YP"><div class="FacetOptionLinkInner_rsFacetGroupContainerFacetOptionCheckboxTick__mNywB FacetOptionLinkInner_rsFacetGroupContainerFacetOptionCheckboxTickInactive__xDQ_I"></div></div><span class="FacetOptionLabel_facetGroupContainerFacetOptionName__PZPeO"><span>REWE Beste Wahl</span></span></div></button></form></div></li><li class="FacetOption_rsFacetGroupContainerFacetOption__Cvf0_"><div class="FacetOptionLink_rsFacetGroupContainerFacetOptionLinkActive__gPkh9" title="REWE Bio" id="BRAND-REWE Bio"><form method="post" action="/api/prg"><input type="hidden" name="redirectUrl" value="aHR0cHM6Ly9zaG9wLnJld2UuZGUvYy9mbGVpc2NoLWZpc2NoLz9icmFuZD1SRVdFJTIwQmlv" /><button type="submit" class="PostRequestGetForm_PostRequestGetFormButton__9Sp2R"><div class="FacetOptionLinkInner_rsFacetGroupContainerFacetOptionLink__NwS54"><div class="FacetOptionLinkInner_rsFacetGroupContainerFacetOptionCheckbox__qD9YP"><div class="FacetOptionLinkInner_rsFacetGroupContainerFacetOptionCheckboxTick__mNywB FacetOptionLinkInner_rsFacetGroupContainerFacetOptionCheckboxTickInactive__xDQ_I"></div></div><span class="FacetOptionLabel_facetGroupContainerFacetOptionName__PZPeO"><span>REWE Bio</span></span></div></button></form></div></li><li class="FacetOption_rsFacetGroupContainerFacetOption__Cvf0_"><div class="FacetOptionLink_rsFacetGroupContainerFacetOptionLinkActive__gPkh9" title="REWE Feine Welt" id="BRAND-REWE Feine Welt"><form method="post" action="/api/prg"><input type="hidden" name="redirectUrl" value="aHR0cHM6Ly9zaG9wLnJld2UuZGUvYy9mbGVpc2NoLWZpc2NoLz9icmFuZD1SRVdFJTIwRmVpbmUlMjBXZWx0" /><button type="submit" class="PostRequestGetForm_PostRequestGetFormButton__9Sp2R"><div class="FacetOptionLinkInner_rsFacetGroupContainerFacetOptionLink__NwS54"><div class="FacetOptionLinkInner_rsFacetGroupContainerFacetOptionCheckbox__qD9YP"><div class="FacetOptionLinkInner_rsFacetGroupContainerFacetOptionCheckboxTick__mNywB FacetOptionLinkInner_rsFacetGroupContainerFacetOptionCheckboxTickInactive__xDQ_I"></div></div><span class="FacetOptionLabel_facetGroupContainerFacetOptionName__PZPeO"><span>REWE Feine Welt</span></span></div></button></form></div></li><li class="FacetOption_rsFacetGroupContainerFacetOption__Cvf0_"><div class="FacetOptionLink_rsFacetGroupContainerFacetOptionLinkActive__gPkh9" title="Abraham" id="BRAND-Abraham"><form method="post" action="/api/prg"><input type="hidden" name="redirectUrl" value="aHR0cHM6Ly9zaG9wLnJld2UuZGUvYy9mbGVpc2NoLWZpc2NoLz9icmFuZD1BYnJhaGFt" /><button type="submit" class="PostRequestGetForm_PostRequestGetFormButton__9Sp2R"><div class="FacetOptionLinkInner_rsFacetGroupContainerFacetOptionLink__NwS54"><div class="FacetOptionLinkInner_rsFacetGroupContainerFacetOptionCheckbox__qD9YP"><div class="FacetOptionLinkInner_rsFacetGroupContainerFacetOptionCheckboxTick__mNywB FacetOptionLinkInner_rsFacetGroupContainerFacetOptionCheckboxTickInactive__xDQ_I"></div></div><span class="FacetOptionLabel_facetGroupContainerFacetOptionName__PZPeO"><span>Abraham</span></span></div></button></form></div></li><li class="FacetOption_rsFacetGroupContainerFacetOption__Cvf0_"><div class="FacetOptionLink_rsFacetGroupContainerFacetOptionLinkActive__gPkh9" title="Aoste" id="BRAND-Aoste"><form method="post" action="/api/prg"><input type="hidden" name="redirectUrl" value="aHR0cHM6Ly9zaG9wLnJld2UuZGUvYy9mbGVpc2NoLWZpc2NoLz9icmFuZD1Bb3N0ZQ" /><button type="submit" class="PostRequestGetForm_PostRequestGetFormButton__9Sp2R"><div class="FacetOptionLinkInner_rsFacetGroupContainerFacetOptionLink__NwS54"><div class="FacetOptionLinkInner_rsFacetGroupContainerFacetOptionCheckbox__qD9YP"><div class="FacetOptionLinkInner_rsFacetGroupContainerFacetOptionCheckboxTick__mNywB FacetOptionLinkInner_rsFacetGroupContainerFacetOptionCheckboxTickInactive__xDQ_I"></div></div><span class="FacetOptionLabel_facetGroupContainerFacetOptionName__PZPeO"><span>Aoste</span></span></div></button></form></div></li><li class="FacetOption_rsFacetGroupContainerFacetOption__Cvf0_"><div class="FacetOptionLink_rsFacetGroupContainerFacetOptionLinkActive__gPkh9" title="Bauckhof" id="BRAND-Bauckhof"><form method="post" action="/api/prg"><input type="hidden" name="redirectUrl" value="aHR0cHM6Ly9zaG9wLnJld2UuZGUvYy9mbGVpc2NoLWZpc2NoLz9icmFuZD1CYXVja2hvZg" /><button type="submit" class="PostRequestGetForm_PostRequestGetFormButton__9Sp2R"><div class="FacetOptionLinkInner_rsFacetGroupContainerFacetOptionLink__NwS54"><div class="FacetOptionLinkInner_rsFacetGroupContainerFacetOptionCheckbox__qD9YP"><div class="FacetOptionLinkInner_rsFacetGroupContainerFacetOptionCheckboxTick__mNywB FacetOptionLinkInner_rsFacetGroupContainerFacetOptionCheckboxTickInactive__xDQ_I"></div></div><span class="FacetOptionLabel_facetGroupContainerFacetOptionName__PZPeO"><span>Bauckhof</span></span></div></button></form></div></li><li class="FacetOption_rsFacetGroupContainerFacetOption__Cvf0_"><div class="FacetOptionLink_rsFacetGroupContainerFacetOptionLinkActive__gPkh9" title="Berger" id="BRAND-Berger"><form method="post" action="/api/prg"><input type="hidden" name="redirectUrl" value="aHR0cHM6Ly9zaG9wLnJld2UuZGUvYy9mbGVpc2NoLWZpc2NoLz9icmFuZD1CZXJnZXI" /><button type="submit" class="PostRequestGetForm_PostRequestGetFormButton__9Sp2R"><div class="FacetOptionLinkInner_rsFacetGroupContainerFacetOptionLink__NwS54"><div class="FacetOptionLinkInner_rsFacetGroupContainerFacetOptionCheckbox__qD9YP"><div class="FacetOptionLinkInner_rsFacetGroupContainerFacetOptionCheckboxTick__mNywB FacetOptionLinkInner_rsFacetGroupContainerFacetOptionCheckboxTickInactive__xDQ_I"></div></div><span class="FacetOptionLabel_facetGroupContainerFacetOptionName__PZPeO"><span>Berger</span></span></div></button></form></div></li><li class="FacetOption_rsFacetGroupContainerFacetOption__Cvf0_"><div class="FacetOptionLink_rsFacetGroupContainerFacetOptionLinkActive__gPkh9" title="Bernard Matthews Oldenburg" id="BRAND-Bernard Matthews Oldenburg"><form method="post" action="/api/prg"><input type="hidden" name="redirectUrl" value="aHR0cHM6Ly9zaG9wLnJld2UuZGUvYy9mbGVpc2NoLWZpc2NoLz9icmFuZD1CZXJuYXJkJTIwTWF0dGhld3MlMjBPbGRlbmJ1cmc" /><button type="submit" class="PostRequestGetForm_PostRequestGetFormButton__9Sp2R"><div class="FacetOptionLinkInner_rsFacetGroupContainerFacetOptionLink__NwS54"><div class="FacetOptionLinkInner_rsFacetGroupContainerFacetOptionCheckbox__qD9YP"><div class="FacetOptionLinkInner_rsFacetGroupContainerFacetOptionCheckboxTick__mNywB FacetOptionLinkInner_rsFacetGroupContainerFacetOptionCheckboxTickInactive__xDQ_I"></div></div><span class="FacetOptionLabel_facetGroupContainerFacetOptionName__PZPeO"><span>Bernard Matthews Oldenburg</span></span></div></button></form></div></li><li class="FacetOption_rsFacetGroupContainerFacetOption__Cvf0_"><div class="FacetOptionLink_rsFacetGroupContainerFacetOptionLinkActive__gPkh9" title="BettaF!sh" id="BRAND-BettaF!sh"><form method="post" action="/api/prg"><input type="hidden" name="redirectUrl" value="aHR0cHM6Ly9zaG9wLnJld2UuZGUvYy9mbGVpc2NoLWZpc2NoLz9icmFuZD1CZXR0YUYlMjFzaA" /><button type="submit" class="PostRequestGetForm_PostRequestGetFormButton__9Sp2R"><div class="FacetOptionLinkInner_rsFacetGroupContainerFacetOptionLink__NwS54"><div class="FacetOptionLinkInner_rsFacetGroupContainerFacetOptionCheckbox__qD9YP"><div class="FacetOptionLinkInner_rsFacetGroupContainerFacetOptionCheckboxTick__mNywB FacetOptionLinkInner_rsFacetGroupContainerFacetOptionCheckboxTickInactive__xDQ_I"></div></div><span class="FacetOptionLabel_facetGroupContainerFacetOptionName__PZPeO"><span>BettaF!sh</span></span></div></button></form></div></li><li class="FacetOption_rsFacetGroupContainerFacetOption__Cvf0_"><div class="FacetOptionLink_rsFacetGroupContainerFacetOptionLinkActive__gPkh9" title="Beyond Meat" id="BRAND-Beyond Meat"><form method="post" action="/api/prg"><input type="hidden" name="redirectUrl" value="aHR0cHM6Ly9zaG9wLnJld2UuZGUvYy9mbGVpc2NoLWZpc2NoLz9icmFuZD1CZXlvbmQlMjBNZWF0" /><button type="submit" class="PostRequestGetForm_PostRequestGetFormButton__9Sp2R"><div class="FacetOptionLinkInner_rsFacetGroupContainerFacetOptionLink__NwS54"><div class="FacetOptionLinkInner_rsFacetGroupContainerFacetOptionCheckbox__qD9YP"><div class="FacetOptionLinkInner_rsFacetGroupContainerFacetOptionCheckboxTick__mNywB FacetOptionLinkInner_rsFacetGroupContainerFacetOptionCheckboxTickInactive__xDQ_I"></div></div><span class="FacetOptionLabel_facetGroupContainerFacetOptionName__PZPeO"><span>Beyond Meat</span></span></div></button></form></div></li><li class="FacetOption_rsFacetGroupContainerFacetOption__Cvf0_"><div class="FacetOptionLink_rsFacetGroupContainerFacetOptionLinkActive__gPkh9" title="BiFi" id="BRAND-BiFi"><form method="post" action="/api/prg"><input type="hidden" name="redirectUrl" value="aHR0cHM6Ly9zaG9wLnJld2UuZGUvYy9mbGVpc2NoLWZpc2NoLz9icmFuZD1CaUZp" /><button type="submit" class="PostRequestGetForm_PostRequestGetFormButton__9Sp2R"><div class="FacetOptionLinkInner_rsFacetGroupContainerFacetOptionLink__NwS54"><div class="FacetOptionLinkInner_rsFacetGroupContainerFacetOptionCheckbox__qD9YP"><div class="FacetOptionLinkInner_rsFacetGroupContainerFacetOptionCheckboxTick__mNywB FacetOptionLinkInner_rsFacetGroupContainerFacetOptionCheckboxTickInactive__xDQ_I"></div></div><span class="FacetOptionLabel_facetGroupContainerFacetOptionName__PZPeO"><span>BiFi</span></span></div></button></form></div></li><li class="FacetOption_rsFacetGroupContainerFacetOption__Cvf0_"><div class="FacetOptionLink_rsFacetGroupContainerFacetOptionLinkActive__gPkh9" title="Billie Green" id="BRAND-Billie Green"><form method="post" action="/api/prg"><input type="hidden" name="redirectUrl" value="aHR0cHM6Ly9zaG9wLnJld2UuZGUvYy9mbGVpc2NoLWZpc2NoLz9icmFuZD1CaWxsaWUlMjBHcmVlbg" /><button type="submit" class="PostRequestGetForm_PostRequestGetFormButton__9Sp2R"><div class="FacetOptionLinkInner_rsFacetGroupContainerFacetOptionLink__NwS54"><div class="FacetOptionLinkInner_rsFacetGroupContainerFacetOptionCheckbox__qD9YP"><div class="FacetOptionLinkInner_rsFacetGroupContainerFacetOptionCheckboxTick__mNywB FacetOptionLinkInner_rsFacetGroupContainerFacetOptionCheckboxTickInactive__xDQ_I"></div></div><span class="FacetOptionLabel_facetGroupContainerFacetOptionName__PZPeO"><span>Billie Green</span></span></div></button></form></div></li><li class="FacetOption_rsFacetGroupContainerFacetOption__Cvf0_"><div class="FacetOptionLink_rsFacetGroupContainerFacetOptionLinkActive__gPkh9" title="Biometzgerei Pichler" id="BRAND-Biometzgerei Pichler"><form method="post" action="/api/prg"><input type="hidden" name="redirectUrl" value="aHR0cHM6Ly9zaG9wLnJld2UuZGUvYy9mbGVpc2NoLWZpc2NoLz9icmFuZD1CaW9tZXR6Z2VyZWklMjBQaWNobGVy" /><button type="submit" class="PostRequestGetForm_PostRequestGetFormButton__9Sp2R"><div class="FacetOptionLinkInner_rsFacetGroupContainerFacetOptionLink__NwS54"><div class="FacetOptionLinkInner_rsFacetGroupContainerFacetOptionCheckbox__qD9YP"><div class="FacetOptionLinkInner_rsFacetGroupContainerFacetOptionCheckboxTick__mNywB FacetOptionLinkInner_rsFacetGroupContainerFacetOptionCheckboxTickInactive__xDQ_I"></div></div><span class="FacetOptionLabel_facetGroupContainerFacetOptionName__PZPeO"><span>Biometzgerei Pichler</span></span></div></button></form></div></li><li class="FacetOption_rsFacetGroupContainerFacetOption__Cvf0_"><div class="FacetOptionLink_rsFacetGroupContainerFacetOptionLinkActive__gPkh9" title="biozentrale" id="BRAND-biozentrale"><form method="post" action="/api/prg"><input type="hidden" name="redirectUrl" value="aHR0cHM6Ly9zaG9wLnJld2UuZGUvYy9mbGVpc2NoLWZpc2NoLz9icmFuZD1iaW96ZW50cmFsZQ" /><button type="submit" class="PostRequestGetForm_PostRequestGetFormButton__9Sp2R"><div class="FacetOptionLinkInner_rsFacetGroupContainerFacetOptionLink__NwS54"><div class="FacetOptionLinkInner_rsFacetGroupContainerFacetOptionCheckbox__qD9YP"><div class="FacetOptionLinkInner_rsFacetGroupContainerFacetOptionCheckboxTick__mNywB FacetOptionLinkInner_rsFacetGroupContainerFacetOptionCheckboxTickInactive__xDQ_I"></div></div><span class="FacetOptionLabel_facetGroupContainerFacetOptionName__PZPeO"><span>biozentrale</span></span></div></button></form></div></li><li class="FacetOption_rsFacetGroupContainerFacetOption__Cvf0_"><div class="FacetOptionLink_rsFacetGroupContainerFacetOptionLinkActive__gPkh9" title="Block House" id="BRAND-Block House"><form method="post" action="/api/prg"><input type="hidden" name="redirectUrl" value="aHR0cHM6Ly9zaG9wLnJld2UuZGUvYy9mbGVpc2NoLWZpc2NoLz9icmFuZD1CbG9jayUyMEhvdXNl" /><button type="submit" class="PostRequestGetForm_PostRequestGetFormButton__9Sp2R"><div class="FacetOptionLinkInner_rsFacetGroupContainerFacetOptionLink__NwS54"><div class="FacetOptionLinkInner_rsFacetGroupContainerFacetOptionCheckbox__qD9YP"><div class="FacetOptionLinkInner_rsFacetGroupContainerFacetOptionCheckboxTick__mNywB FacetOptionLinkInner_rsFacetGroupContainerFacetOptionCheckboxTickInactive__xDQ_I"></div></div><span class="FacetOptionLabel_facetGroupContainerFacetOptionName__PZPeO"><span>Block House</span></span></div></button></form></div></li><li class="FacetOption_rsFacetGroupContainerFacetOption__Cvf0_"><div class="FacetOptionLink_rsFacetGroupContainerFacetOptionLinkActive__gPkh9" title="Butcher&#x27;s Burger" id="BRAND-Butcher&#x27;s Burger"><form method="post" action="/api/prg"><input type="hidden" name="redirectUrl" value="aHR0cHM6Ly9zaG9wLnJld2UuZGUvYy9mbGVpc2NoLWZpc2NoLz9icmFuZD1CdXRjaGVyJTI3cyUyMEJ1cmdlcg" /><button type="submit" class="PostRequestGetForm_PostRequestGetFormButton__9Sp2R"><div class="FacetOptionLinkInner_rsFacetGroupContainerFacetOptionLink__NwS54"><div class="FacetOptionLinkInner_rsFacetGroupContainerFacetOptionCheckbox__qD9YP"><div class="FacetOptionLinkInner_rsFacetGroupContainerFacetOptionCheckboxTick__mNywB FacetOptionLinkInner_rsFacetGroupContainerFacetOptionCheckboxTickInactive__xDQ_I"></div></div><span class="FacetOptionLabel_facetGroupContainerFacetOptionName__PZPeO"><span>Butcher&#x27;s Burger</span></span></div></button></form></div></li><li class="FacetOption_rsFacetGroupContainerFacetOption__Cvf0_"><div class="FacetOptionLink_rsFacetGroupContainerFacetOptionLinkActive__gPkh9" title="Butchers" id="BRAND-Butchers"><form method="post" action="/api/prg"><input type="hidden" name="redirectUrl" value="aHR0cHM6Ly9zaG9wLnJld2UuZGUvYy9mbGVpc2NoLWZpc2NoLz9icmFuZD1CdXRjaGVycw" /><button type="submit" class="PostRequestGetForm_PostRequestGetFormButton__9Sp2R"><div class="FacetOptionLinkInner_rsFacetGroupContainerFacetOptionLink__NwS54"><div class="FacetOptionLinkInner_rsFacetGroupContainerFacetOptionCheckbox__qD9YP"><div class="FacetOptionLinkInner_rsFacetGroupContainerFacetOptionCheckboxTick__mNywB FacetOptionLinkInner_rsFacetGroupContainerFacetOptionCheckboxTickInactive__xDQ_I"></div></div><span class="FacetOptionLabel_facetGroupContainerFacetOptionName__PZPeO"><span>Butchers</span></span></div></button></form></div></li><li class="FacetOption_rsFacetGroupContainerFacetOption__Cvf0_"><div class="FacetOptionLink_rsFacetGroupContainerFacetOptionLinkActive__gPkh9" title="Campofrio" id="BRAND-Campofrio"><form method="post" action="/api/prg"><input type="hidden" name="redirectUrl" value="aHR0cHM6Ly9zaG9wLnJld2UuZGUvYy9mbGVpc2NoLWZpc2NoLz9icmFuZD1DYW1wb2ZyaW8" /><button type="submit" class="PostRequestGetForm_PostRequestGetFormButton__9Sp2R"><div class="FacetOptionLinkInner_rsFacetGroupContainerFacetOptionLink__NwS54"><div class="FacetOptionLinkInner_rsFacetGroupContainerFacetOptionCheckbox__qD9YP"><div class="FacetOptionLinkInner_rsFacetGroupContainerFacetOptionCheckboxTick__mNywB FacetOptionLinkInner_rsFacetGroupContainerFacetOptionCheckboxTickInactive__xDQ_I"></div></div><span class="FacetOptionLabel_facetGroupContainerFacetOptionName__PZPeO"><span>Campofrio</span></span></div></button></form></div></li><li class="FacetOption_rsFacetGroupContainerFacetOption__Cvf0_"><div class="FacetOptionLink_rsFacetGroupContainerFacetOptionLinkActive__gPkh9" title="Casa Modena" id="BRAND-Casa Modena"><form method="post" action="/api/prg"><input type="hidden" name="redirectUrl" value="aHR0cHM6Ly9zaG9wLnJld2UuZGUvYy9mbGVpc2NoLWZpc2NoLz9icmFuZD1DYXNhJTIwTW9kZW5h" /><button type="submit" class="PostRequestGetForm_PostRequestGetFormButton__9Sp2R"><div class="FacetOptionLinkInner_rsFacetGroupContainerFacetOptionLink__NwS54"><div class="FacetOptionLinkInner_rsFacetGroupContainerFacetOptionCheckbox__qD9YP"><div class="FacetOptionLinkInner_rsFacetGroupContainerFacetOptionCheckboxTick__mNywB FacetOptionLinkInner_rsFacetGroupContainerFacetOptionCheckboxTickInactive__xDQ_I"></div></div><span class="FacetOptionLabel_facetGroupContainerFacetOptionName__PZPeO"><span>Casa Modena</span></span></div></button></form></div></li><li class="FacetOption_rsFacetGroupContainerFacetOption__Cvf0_"><div class="FacetOptionLink_rsFacetGroupContainerFacetOptionLinkActive__gPkh9" title="Citterio" id="BRAND-Citterio"><form method="post" action="/api/prg"><input type="hidden" name="redirectUrl" value="aHR0cHM6Ly9zaG9wLnJld2UuZGUvYy9mbGVpc2NoLWZpc2NoLz9icmFuZD1DaXR0ZXJpbw" /><button type="submit" class="PostRequestGetForm_PostRequestGetFormButton__9Sp2R"><div class="FacetOptionLinkInner_rsFacetGroupContainerFacetOptionLink__NwS54"><div class="FacetOptionLinkInner_rsFacetGroupContainerFacetOptionCheckbox__qD9YP"><div class="FacetOptionLinkInner_rsFacetGroupContainerFacetOptionCheckboxTick__mNywB FacetOptionLinkInner_rsFacetGroupContainerFacetOptionCheckboxTickInactive__xDQ_I"></div></div><span class="FacetOptionLabel_facetGroupContainerFacetOptionName__PZPeO"><span>Citterio</span></span></div></button></form></div></li><li class="FacetOption_rsFacetGroupContainerFacetOption__Cvf0_"><div class="FacetOptionLink_rsFacetGroupContainerFacetOptionLinkActive__gPkh9" title="Davert" id="BRAND-Davert"><form method="post" action="/api/prg"><input type="hidden" name="redirectUrl" value="aHR0cHM6Ly9zaG9wLnJld2UuZGUvYy9mbGVpc2NoLWZpc2NoLz9icmFuZD1EYXZlcnQ" /><button type="submit" class="PostRequestGetForm_PostRequestGetFormButton__9Sp2R"><div class="FacetOptionLinkInner_rsFacetGroupContainerFacetOptionLink__NwS54"><div class="FacetOptionLinkInner_rsFacetGroupContainerFacetOptionCheckbox__qD9YP"><div class="FacetOptionLinkInner_rsFacetGroupContainerFacetOptionCheckboxTick__mNywB FacetOptionLinkInner_rsFacetGroupContainerFacetOptionCheckboxTickInactive__xDQ_I"></div></div><span class="FacetOptionLabel_facetGroupContainerFacetOptionName__PZPeO"><span>Davert</span></span></div></button></form></div></li><li class="FacetOption_rsFacetGroupContainerFacetOption__Cvf0_"><div class="FacetOptionLink_rsFacetGroupContainerFacetOptionLinkActive__gPkh9" title="Deutsche See" id="BRAND-Deutsche See"><form method="post" action="/api/prg"><input type="hidden" name="redirectUrl" value="aHR0cHM6Ly9zaG9wLnJld2UuZGUvYy9mbGVpc2NoLWZpc2NoLz9icmFuZD1EZXV0c2NoZSUyMFNlZQ" /><button type="submit" class="PostRequestGetForm_PostRequestGetFormButton__9Sp2R"><div class="FacetOptionLinkInner_rsFacetGroupContainerFacetOptionLink__NwS54"><div class="FacetOptionLinkInner_rsFacetGroupContainerFacetOptionCheckbox__qD9YP"><div class="FacetOptionLinkInner_rsFacetGroupContainerFacetOptionCheckboxTick__mNywB FacetOptionLinkInner_rsFacetGroupContainerFacetOptionCheckboxTickInactive__xDQ_I"></div></div><span class="FacetOptionLabel_facetGroupContainerFacetOptionName__PZPeO"><span>Deutsche See</span></span></div></button></form></div></li><li class="FacetOption_rsFacetGroupContainerFacetOption__Cvf0_"><div class="FacetOptionLink_rsFacetGroupContainerFacetOptionLinkActive__gPkh9" title="Die Thüringer" id="BRAND-Die Thüringer"><form method="post" action="/api/prg"><input type="hidden" name="redirectUrl" value="aHR0cHM6Ly9zaG9wLnJld2UuZGUvYy9mbGVpc2NoLWZpc2NoLz9icmFuZD1EaWUlMjBUaCVDMyVCQ3Jpbmdlcg" /><button type="submit" class="PostRequestGetForm_PostRequestGetFormButton__9Sp2R"><div class="FacetOptionLinkInner_rsFacetGroupContainerFacetOptionLink__NwS54"><div class="FacetOptionLinkInner_rsFacetGroupContainerFacetOptionCheckbox__qD9YP"><div class="FacetOptionLinkInner_rsFacetGroupContainerFacetOptionCheckboxTick__mNywB FacetOptionLinkInner_rsFacetGroupContainerFacetOptionCheckboxTickInactive__xDQ_I"></div></div><span class="FacetOptionLabel_facetGroupContainerFacetOptionName__PZPeO"><span>Die Thüringer</span></span></div></button></form></div></li><li class="FacetOption_rsFacetGroupContainerFacetOption__Cvf0_"><div class="FacetOptionLink_rsFacetGroupContainerFacetOptionLinkActive__gPkh9" title="El Pozo" id="BRAND-El Pozo"><form method="post" action="/api/prg"><input type="hidden" name="redirectUrl" value="aHR0cHM6Ly9zaG9wLnJld2UuZGUvYy9mbGVpc2NoLWZpc2NoLz9icmFuZD1FbCUyMFBvem8" /><button type="submit" class="PostRequestGetForm_PostRequestGetFormButton__9Sp2R"><div class="FacetOptionLinkInner_rsFacetGroupContainerFacetOptionLink__NwS54"><div class="FacetOptionLinkInner_rsFacetGroupContainerFacetOptionCheckbox__qD9YP"><div class="FacetOptionLinkInner_rsFacetGroupContainerFacetOptionCheckboxTick__mNywB FacetOptionLinkInner_rsFacetGroupContainerFacetOptionCheckboxTickInactive__xDQ_I"></div></div><span class="FacetOptionLabel_facetGroupContainerFacetOptionName__PZPeO"><span>El Pozo</span></span></div></button></form></div></li><li class="FacetOption_rsFacetGroupContainerFacetOption__Cvf0_"><div class="FacetOptionLink_rsFacetGroupContainerFacetOptionLinkActive__gPkh9" title="endori" id="BRAND-endori"><form method="post" action="/api/prg"><input type="hidden" name="redirectUrl" value="aHR0cHM6Ly9zaG9wLnJld2UuZGUvYy9mbGVpc2NoLWZpc2NoLz9icmFuZD1lbmRvcmk" /><button type="submit" class="PostRequestGetForm_PostRequestGetFormButton__9Sp2R"><div class="FacetOptionLinkInner_rsFacetGroupContainerFacetOptionLink__NwS54"><div class="FacetOptionLinkInner_rsFacetGroupContainerFacetOptionCheckbox__qD9YP"><div class="FacetOptionLinkInner_rsFacetGroupContainerFacetOptionCheckboxTick__mNywB FacetOptionLinkInner_rsFacetGroupContainerFacetOptionCheckboxTickInactive__xDQ_I"></div></div><span class="FacetOptionLabel_facetGroupContainerFacetOptionName__PZPeO"><span>endori</span></span></div></button></form></div></li><li class="FacetOption_rsFacetGroupContainerFacetOption__Cvf0_"><div class="FacetOptionLink_rsFacetGroupContainerFacetOptionLinkActive__gPkh9" title="Feinkost Dittmann" id="BRAND-Feinkost Dittmann"><form method="post" action="/api/prg"><input type="hidden" name="redirectUrl" value="aHR0cHM6Ly9zaG9wLnJld2UuZGUvYy9mbGVpc2NoLWZpc2NoLz9icmFuZD1GZWlua29zdCUyMERpdHRtYW5u" /><button type="submit" class="PostRequestGetForm_PostRequestGetFormButton__9Sp2R"><div class="FacetOptionLinkInner_rsFacetGroupContainerFacetOptionLink__NwS54"><div class="FacetOptionLinkInner_rsFacetGroupContainerFacetOptionCheckbox__qD9YP"><div class="FacetOptionLinkInner_rsFacetGroupContainerFacetOptionCheckboxTick__mNywB FacetOptionLinkInner_rsFacetGroupContainerFacetOptionCheckboxTickInactive__xDQ_I"></div></div><span class="FacetOptionLabel_facetGroupContainerFacetOptionName__PZPeO"><span>Feinkost Dittmann</span></span></div></button></form></div></li><li class="FacetOption_rsFacetGroupContainerFacetOption__Cvf0_"><div class="FacetOptionLink_rsFacetGroupContainerFacetOptionLinkActive__gPkh9" title="Ferdi Fuchs" id="BRAND-Ferdi Fuchs"><form method="post" action="/api/prg"><input type="hidden" name="redirectUrl" value="aHR0cHM6Ly9zaG9wLnJld2UuZGUvYy9mbGVpc2NoLWZpc2NoLz9icmFuZD1GZXJkaSUyMEZ1Y2hz" /><button type="submit" class="PostRequestGetForm_PostRequestGetFormButton__9Sp2R"><div class="FacetOptionLinkInner_rsFacetGroupContainerFacetOptionLink__NwS54"><div class="FacetOptionLinkInner_rsFacetGroupContainerFacetOptionCheckbox__qD9YP"><div class="FacetOptionLinkInner_rsFacetGroupContainerFacetOptionCheckboxTick__mNywB FacetOptionLinkInner_rsFacetGroupContainerFacetOptionCheckboxTickInactive__xDQ_I"></div></div><span class="FacetOptionLabel_facetGroupContainerFacetOptionName__PZPeO"><span>Ferdi Fuchs</span></span></div></button></form></div></li><li class="FacetOption_rsFacetGroupContainerFacetOption__Cvf0_"><div class="FacetOptionLink_rsFacetGroupContainerFacetOptionLinkActive__gPkh9" title="Froh Natur" id="BRAND-Froh Natur"><form method="post" action="/api/prg"><input type="hidden" name="redirectUrl" value="aHR0cHM6Ly9zaG9wLnJld2UuZGUvYy9mbGVpc2NoLWZpc2NoLz9icmFuZD1Gcm9oJTIwTmF0dXI" /><button type="submit" class="PostRequestGetForm_PostRequestGetFormButton__9Sp2R"><div class="FacetOptionLinkInner_rsFacetGroupContainerFacetOptionLink__NwS54"><div class="FacetOptionLinkInner_rsFacetGroupContainerFacetOptionCheckbox__qD9YP"><div class="FacetOptionLinkInner_rsFacetGroupContainerFacetOptionCheckboxTick__mNywB FacetOptionLinkInner_rsFacetGroupContainerFacetOptionCheckboxTickInactive__xDQ_I"></div></div><span class="FacetOptionLabel_facetGroupContainerFacetOptionName__PZPeO"><span>Froh Natur</span></span></div></button></form></div></li><li class="FacetOption_rsFacetGroupContainerFacetOption__Cvf0_"><div class="FacetOptionLink_rsFacetGroupContainerFacetOptionLinkActive__gPkh9" title="Frosta" id="BRAND-Frosta"><form method="post" action="/api/prg"><input type="hidden" name="redirectUrl" value="aHR0cHM6Ly9zaG9wLnJld2UuZGUvYy9mbGVpc2NoLWZpc2NoLz9icmFuZD1Gcm9zdGE" /><button type="submit" class="PostRequestGetForm_PostRequestGetFormButton__9Sp2R"><div class="FacetOptionLinkInner_rsFacetGroupContainerFacetOptionLink__NwS54"><div class="FacetOptionLinkInner_rsFacetGroupContainerFacetOptionCheckbox__qD9YP"><div class="FacetOptionLinkInner_rsFacetGroupContainerFacetOptionCheckboxTick__mNywB FacetOptionLinkInner_rsFacetGroupContainerFacetOptionCheckboxTickInactive__xDQ_I"></div></div><span class="FacetOptionLabel_facetGroupContainerFacetOptionName__PZPeO"><span>Frosta</span></span></div></button></form></div></li><li class="FacetOption_rsFacetGroupContainerFacetOption__Cvf0_"><div class="FacetOptionLink_rsFacetGroupContainerFacetOptionLinkActive__gPkh9" title="Garden Gourmet" id="BRAND-Garden Gourmet"><form method="post" action="/api/prg"><input type="hidden" name="redirectUrl" value="aHR0cHM6Ly9zaG9wLnJld2UuZGUvYy9mbGVpc2NoLWZpc2NoLz9icmFuZD1HYXJkZW4lMjBHb3VybWV0" /><button type="submit" class="PostRequestGetForm_PostRequestGetFormButton__9Sp2R"><div class="FacetOptionLinkInner_rsFacetGroupContainerFacetOptionLink__NwS54"><div class="FacetOptionLinkInner_rsFacetGroupContainerFacetOptionCheckbox__qD9YP"><div class="FacetOptionLinkInner_rsFacetGroupContainerFacetOptionCheckboxTick__mNywB FacetOptionLinkInner_rsFacetGroupContainerFacetOptionCheckboxTickInactive__xDQ_I"></div></div><span class="FacetOptionLabel_facetGroupContainerFacetOptionName__PZPeO"><span>Garden Gourmet</span></span></div></button></form></div></li><li class="FacetOption_rsFacetGroupContainerFacetOption__Cvf0_"><div class="FacetOptionLink_rsFacetGroupContainerFacetOptionLinkActive__gPkh9" title="Gazi" id="BRAND-Gazi"><form method="post" action="/api/prg"><input type="hidden" name="redirectUrl" value="aHR0cHM6Ly9zaG9wLnJld2UuZGUvYy9mbGVpc2NoLWZpc2NoLz9icmFuZD1HYXpp" /><button type="submit" class="PostRequestGetForm_PostRequestGetFormButton__9Sp2R"><div class="FacetOptionLinkInner_rsFacetGroupContainerFacetOptionLink__NwS54"><div class="FacetOptionLinkInner_rsFacetGroupContainerFacetOptionCheckbox__qD9YP"><div class="FacetOptionLinkInner_rsFacetGroupContainerFacetOptionCheckboxTick__mNywB FacetOptionLinkInner_rsFacetGroupContainerFacetOptionCheckboxTickInactive__xDQ_I"></div></div><span class="FacetOptionLabel_facetGroupContainerFacetOptionName__PZPeO"><span>Gazi</span></span></div></button></form></div></li><li class="FacetOption_rsFacetGroupContainerFacetOption__Cvf0_"><div class="FacetOptionLink_rsFacetGroupContainerFacetOptionLinkActive__gPkh9" title="Gmyrek" id="BRAND-Gmyrek"><form method="post" action="/api/prg"><input type="hidden" name="redirectUrl" value="aHR0cHM6Ly9zaG9wLnJld2UuZGUvYy9mbGVpc2NoLWZpc2NoLz9icmFuZD1HbXlyZWs" /><button type="submit" class="PostRequestGetForm_PostRequestGetFormButton__9Sp2R"><div class="FacetOptionLinkInner_rsFacetGroupContainerFacetOptionLink__NwS54"><div class="FacetOptionLinkInner_rsFacetGroupContainerFacetOptionCheckbox__qD9YP"><div class="FacetOptionLinkInner_rsFacetGroupContainerFacetOptionCheckboxTick__mNywB FacetOptionLinkInner_rsFacetGroupContainerFacetOptionCheckboxTickInactive__xDQ_I"></div></div><span class="FacetOptionLabel_facetGroupContainerFacetOptionName__PZPeO"><span>Gmyrek</span></span></div></button></form></div></li><li class="FacetOption_rsFacetGroupContainerFacetOption__Cvf0_"><div class="FacetOptionLink_rsFacetGroupContainerFacetOptionLinkActive__gPkh9" title="Green Excellence" id="BRAND-Green Excellence"><form method="post" action="/api/prg"><input type="hidden" name="redirectUrl" value="aHR0cHM6Ly9zaG9wLnJld2UuZGUvYy9mbGVpc2NoLWZpc2NoLz9icmFuZD1HcmVlbiUyMEV4Y2VsbGVuY2U" /><button type="submit" class="PostRequestGetForm_PostRequestGetFormButton__9Sp2R"><div class="FacetOptionLinkInner_rsFacetGroupContainerFacetOptionLink__NwS54"><div class="FacetOptionLinkInner_rsFacetGroupContainerFacetOptionCheckbox__qD9YP"><div class="FacetOptionLinkInner_rsFacetGroupContainerFacetOptionCheckboxTick__mNywB FacetOptionLinkInner_rsFacetGroupContainerFacetOptionCheckboxTickInactive__xDQ_I"></div></div><span class="FacetOptionLabel_facetGroupContainerFacetOptionName__PZPeO"><span>Green Excellence</span></span></div></button></form></div></li><li class="FacetOption_rsFacetGroupContainerFacetOption__Cvf0_"><div class="FacetOptionLink_rsFacetGroupContainerFacetOptionLinkActive__gPkh9" title="GREENFORCE" id="BRAND-GREENFORCE"><form method="post" action="/api/prg"><input type="hidden" name="redirectUrl" value="aHR0cHM6Ly9zaG9wLnJld2UuZGUvYy9mbGVpc2NoLWZpc2NoLz9icmFuZD1HUkVFTkZPUkNF" /><button type="submit" class="PostRequestGetForm_PostRequestGetFormButton__9Sp2R"><div class="FacetOptionLinkInner_rsFacetGroupContainerFacetOptionLink__NwS54"><div class="FacetOptionLinkInner_rsFacetGroupContainerFacetOptionCheckbox__qD9YP"><div class="FacetOptionLinkInner_rsFacetGroupContainerFacetOptionCheckboxTick__mNywB FacetOptionLinkInner_rsFacetGroupContainerFacetOptionCheckboxTickInactive__xDQ_I"></div></div><span class="FacetOptionLabel_facetGroupContainerFacetOptionName__PZPeO"><span>GREENFORCE</span></span></div></button></form></div></li><li class="FacetOption_rsFacetGroupContainerFacetOption__Cvf0_"><div class="FacetOptionLink_rsFacetGroupContainerFacetOptionLinkActive__gPkh9" title="Gutfried" id="BRAND-Gutfried"><form method="post" action="/api/prg"><input type="hidden" name="redirectUrl" value="aHR0cHM6Ly9zaG9wLnJld2UuZGUvYy9mbGVpc2NoLWZpc2NoLz9icmFuZD1HdXRmcmllZA" /><button type="submit" class="PostRequestGetForm_PostRequestGetFormButton__9Sp2R"><div class="FacetOptionLinkInner_rsFacetGroupContainerFacetOptionLink__NwS54"><div class="FacetOptionLinkInner_rsFacetGroupContainerFacetOptionCheckbox__qD9YP"><div class="FacetOptionLinkInner_rsFacetGroupContainerFacetOptionCheckboxTick__mNywB FacetOptionLinkInner_rsFacetGroupContainerFacetOptionCheckboxTickInactive__xDQ_I"></div></div><span class="FacetOptionLabel_facetGroupContainerFacetOptionName__PZPeO"><span>Gutfried</span></span></div></button></form></div></li><li class="FacetOption_rsFacetGroupContainerFacetOption__Cvf0_"><div class="FacetOptionLink_rsFacetGroupContainerFacetOptionLinkActive__gPkh9" title="Handl Tyrol" id="BRAND-Handl Tyrol"><form method="post" action="/api/prg"><input type="hidden" name="redirectUrl" value="aHR0cHM6Ly9zaG9wLnJld2UuZGUvYy9mbGVpc2NoLWZpc2NoLz9icmFuZD1IYW5kbCUyMFR5cm9s" /><button type="submit" class="PostRequestGetForm_PostRequestGetFormButton__9Sp2R"><div class="FacetOptionLinkInner_rsFacetGroupContainerFacetOptionLink__NwS54"><div class="FacetOptionLinkInner_rsFacetGroupContainerFacetOptionCheckbox__qD9YP"><div class="FacetOptionLinkInner_rsFacetGroupContainerFacetOptionCheckboxTick__mNywB FacetOptionLinkInner_rsFacetGroupContainerFacetOptionCheckboxTickInactive__xDQ_I"></div></div><span class="FacetOptionLabel_facetGroupContainerFacetOptionName__PZPeO"><span>Handl Tyrol</span></span></div></button></form></div></li><li class="FacetOption_rsFacetGroupContainerFacetOption__Cvf0_"><div class="FacetOptionLink_rsFacetGroupContainerFacetOptionLinkActive__gPkh9" title="Heidemetzger" id="BRAND-Heidemetzger"><form method="post" action="/api/prg"><input type="hidden" name="redirectUrl" value="aHR0cHM6Ly9zaG9wLnJld2UuZGUvYy9mbGVpc2NoLWZpc2NoLz9icmFuZD1IZWlkZW1ldHpnZXI" /><button type="submit" class="PostRequestGetForm_PostRequestGetFormButton__9Sp2R"><div class="FacetOptionLinkInner_rsFacetGroupContainerFacetOptionLink__NwS54"><div class="FacetOptionLinkInner_rsFacetGroupContainerFacetOptionCheckbox__qD9YP"><div class="FacetOptionLinkInner_rsFacetGroupContainerFacetOptionCheckboxTick__mNywB FacetOptionLinkInner_rsFacetGroupContainerFacetOptionCheckboxTickInactive__xDQ_I"></div></div><span class="FacetOptionLabel_facetGroupContainerFacetOptionName__PZPeO"><span>Heidemetzger</span></span></div></button></form></div></li><li class="FacetOption_rsFacetGroupContainerFacetOption__Cvf0_"><div class="FacetOptionLink_rsFacetGroupContainerFacetOptionLinkActive__gPkh9" title="Herta" id="BRAND-Herta"><form method="post" action="/api/prg"><input type="hidden" name="redirectUrl" value="aHR0cHM6Ly9zaG9wLnJld2UuZGUvYy9mbGVpc2NoLWZpc2NoLz9icmFuZD1IZXJ0YQ" /><button type="submit" class="PostRequestGetForm_PostRequestGetFormButton__9Sp2R"><div class="FacetOptionLinkInner_rsFacetGroupContainerFacetOptionLink__NwS54"><div class="FacetOptionLinkInner_rsFacetGroupContainerFacetOptionCheckbox__qD9YP"><div class="FacetOptionLinkInner_rsFacetGroupContainerFacetOptionCheckboxTick__mNywB FacetOptionLinkInner_rsFacetGroupContainerFacetOptionCheckboxTickInactive__xDQ_I"></div></div><span class="FacetOptionLabel_facetGroupContainerFacetOptionName__PZPeO"><span>Herta</span></span></div></button></form></div></li><li class="FacetOption_rsFacetGroupContainerFacetOption__Cvf0_"><div class="FacetOptionLink_rsFacetGroupContainerFacetOptionLinkActive__gPkh9" title="Houdek" id="BRAND-Houdek"><form method="post" action="/api/prg"><input type="hidden" name="redirectUrl" value="aHR0cHM6Ly9zaG9wLnJld2UuZGUvYy9mbGVpc2NoLWZpc2NoLz9icmFuZD1Ib3VkZWs" /><button type="submit" class="PostRequestGetForm_PostRequestGetFormButton__9Sp2R"><div class="FacetOptionLinkInner_rsFacetGroupContainerFacetOptionLink__NwS54"><div class="FacetOptionLinkInner_rsFacetGroupContainerFacetOptionCheckbox__qD9YP"><div class="FacetOptionLinkInner_rsFacetGroupContainerFacetOptionCheckboxTick__mNywB FacetOptionLinkInner_rsFacetGroupContainerFacetOptionCheckboxTickInactive__xDQ_I"></div></div><span class="FacetOptionLabel_facetGroupContainerFacetOptionName__PZPeO"><span>Houdek</span></span></div></button></form></div></li><li class="FacetOption_rsFacetGroupContainerFacetOption__Cvf0_"><div class="FacetOptionLink_rsFacetGroupContainerFacetOptionLinkActive__gPkh9" title="I Deliziosi" id="BRAND-I Deliziosi"><form method="post" action="/api/prg"><input type="hidden" name="redirectUrl" value="aHR0cHM6Ly9zaG9wLnJld2UuZGUvYy9mbGVpc2NoLWZpc2NoLz9icmFuZD1JJTIwRGVsaXppb3Np" /><button type="submit" class="PostRequestGetForm_PostRequestGetFormButton__9Sp2R"><div class="FacetOptionLinkInner_rsFacetGroupContainerFacetOptionLink__NwS54"><div class="FacetOptionLinkInner_rsFacetGroupContainerFacetOptionCheckbox__qD9YP"><div class="FacetOptionLinkInner_rsFacetGroupContainerFacetOptionCheckboxTick__mNywB FacetOptionLinkInner_rsFacetGroupContainerFacetOptionCheckboxTickInactive__xDQ_I"></div></div><span class="FacetOptionLabel_facetGroupContainerFacetOptionName__PZPeO"><span>I Deliziosi</span></span></div></button></form></div></li><li class="FacetOption_rsFacetGroupContainerFacetOption__Cvf0_"><div class="FacetOptionLink_rsFacetGroupContainerFacetOptionLinkActive__gPkh9" title="Jack Link&#x27;s" id="BRAND-Jack Link&#x27;s"><form method="post" action="/api/prg"><input type="hidden" name="redirectUrl" value="aHR0cHM6Ly9zaG9wLnJld2UuZGUvYy9mbGVpc2NoLWZpc2NoLz9icmFuZD1KYWNrJTIwTGluayUyN3M" /><button type="submit" class="PostRequestGetForm_PostRequestGetFormButton__9Sp2R"><div class="FacetOptionLinkInner_rsFacetGroupContainerFacetOptionLink__NwS54"><div class="FacetOptionLinkInner_rsFacetGroupContainerFacetOptionCheckbox__qD9YP"><div class="FacetOptionLinkInner_rsFacetGroupContainerFacetOptionCheckboxTick__mNywB FacetOptionLinkInner_rsFacetGroupContainerFacetOptionCheckboxTickInactive__xDQ_I"></div></div><span class="FacetOptionLabel_facetGroupContainerFacetOptionName__PZPeO"><span>Jack Link&#x27;s</span></span></div></button></form></div></li><li class="FacetOption_rsFacetGroupContainerFacetOption__Cvf0_"><div class="FacetOptionLink_rsFacetGroupContainerFacetOptionLinkActive__gPkh9" title="Kalnik" id="BRAND-Kalnik"><form method="post" action="/api/prg"><input type="hidden" name="redirectUrl" value="aHR0cHM6Ly9zaG9wLnJld2UuZGUvYy9mbGVpc2NoLWZpc2NoLz9icmFuZD1LYWxuaWs" /><button type="submit" class="PostRequestGetForm_PostRequestGetFormButton__9Sp2R"><div class="FacetOptionLinkInner_rsFacetGroupContainerFacetOptionLink__NwS54"><div class="FacetOptionLinkInner_rsFacetGroupContainerFacetOptionCheckbox__qD9YP"><div class="FacetOptionLinkInner_rsFacetGroupContainerFacetOptionCheckboxTick__mNywB FacetOptionLinkInner_rsFacetGroupContainerFacetOptionCheckboxTickInactive__xDQ_I"></div></div><span class="FacetOptionLabel_facetGroupContainerFacetOptionName__PZPeO"><span>Kalnik</span></span></div></button></form></div></li><li class="FacetOption_rsFacetGroupContainerFacetOption__Cvf0_"><div class="FacetOptionLink_rsFacetGroupContainerFacetOptionLinkActive__gPkh9" title="Krone" id="BRAND-Krone"><form method="post" action="/api/prg"><input type="hidden" name="redirectUrl" value="aHR0cHM6Ly9zaG9wLnJld2UuZGUvYy9mbGVpc2NoLWZpc2NoLz9icmFuZD1Lcm9uZQ" /><button type="submit" class="PostRequestGetForm_PostRequestGetFormButton__9Sp2R"><div class="FacetOptionLinkInner_rsFacetGroupContainerFacetOptionLink__NwS54"><div class="FacetOptionLinkInner_rsFacetGroupContainerFacetOptionCheckbox__qD9YP"><div class="FacetOptionLinkInner_rsFacetGroupContainerFacetOptionCheckboxTick__mNywB FacetOptionLinkInner_rsFacetGroupContainerFacetOptionCheckboxTickInactive__xDQ_I"></div></div><span class="FacetOptionLabel_facetGroupContainerFacetOptionName__PZPeO"><span>Krone</span></span></div></button></form></div></li><li class="FacetOption_rsFacetGroupContainerFacetOption__Cvf0_"><div class="FacetOptionLink_rsFacetGroupContainerFacetOptionLinkActive__gPkh9" title="Kugler" id="BRAND-Kugler"><form method="post" action="/api/prg"><input type="hidden" name="redirectUrl" value="aHR0cHM6Ly9zaG9wLnJld2UuZGUvYy9mbGVpc2NoLWZpc2NoLz9icmFuZD1LdWdsZXI" /><button type="submit" class="PostRequestGetForm_PostRequestGetFormButton__9Sp2R"><div class="FacetOptionLinkInner_rsFacetGroupContainerFacetOptionLink__NwS54"><div class="FacetOptionLinkInner_rsFacetGroupContainerFacetOptionCheckbox__qD9YP"><div class="FacetOptionLinkInner_rsFacetGroupContainerFacetOptionCheckboxTick__mNywB FacetOptionLinkInner_rsFacetGroupContainerFacetOptionCheckboxTickInactive__xDQ_I"></div></div><span class="FacetOptionLabel_facetGroupContainerFacetOptionName__PZPeO"><span>Kugler</span></span></div></button></form></div></li><li class="FacetOption_rsFacetGroupContainerFacetOption__Cvf0_"><div class="FacetOptionLink_rsFacetGroupContainerFacetOptionLinkActive__gPkh9" title="Kupfer" id="BRAND-Kupfer"><form method="post" action="/api/prg"><input type="hidden" name="redirectUrl" value="aHR0cHM6Ly9zaG9wLnJld2UuZGUvYy9mbGVpc2NoLWZpc2NoLz9icmFuZD1LdXBmZXI" /><button type="submit" class="PostRequestGetForm_PostRequestGetFormButton__9Sp2R"><div class="FacetOptionLinkInner_rsFacetGroupContainerFacetOptionLink__NwS54"><div class="FacetOptionLinkInner_rsFacetGroupContainerFacetOptionCheckbox__qD9YP"><div class="FacetOptionLinkInner_rsFacetGroupContainerFacetOptionCheckboxTick__mNywB FacetOptionLinkInner_rsFacetGroupContainerFacetOptionCheckboxTickInactive__xDQ_I"></div></div><span class="FacetOptionLabel_facetGroupContainerFacetOptionName__PZPeO"><span>Kupfer</span></span></div></button></form></div></li><li class="FacetOption_rsFacetGroupContainerFacetOption__Cvf0_"><div class="FacetOptionLink_rsFacetGroupContainerFacetOptionLinkActive__gPkh9" title="LikeMeat" id="BRAND-LikeMeat"><form method="post" action="/api/prg"><input type="hidden" name="redirectUrl" value="aHR0cHM6Ly9zaG9wLnJld2UuZGUvYy9mbGVpc2NoLWZpc2NoLz9icmFuZD1MaWtlTWVhdA" /><button type="submit" class="PostRequestGetForm_PostRequestGetFormButton__9Sp2R"><div class="FacetOptionLinkInner_rsFacetGroupContainerFacetOptionLink__NwS54"><div class="FacetOptionLinkInner_rsFacetGroupContainerFacetOptionCheckbox__qD9YP"><div class="FacetOptionLinkInner_rsFacetGroupContainerFacetOptionCheckboxTick__mNywB FacetOptionLinkInner_rsFacetGroupContainerFacetOptionCheckboxTickInactive__xDQ_I"></div></div><span class="FacetOptionLabel_facetGroupContainerFacetOptionName__PZPeO"><span>LikeMeat</span></span></div></button></form></div></li><li class="FacetOption_rsFacetGroupContainerFacetOption__Cvf0_"><div class="FacetOptionLink_rsFacetGroupContainerFacetOptionLinkActive__gPkh9" title="Lotao" id="BRAND-Lotao"><form method="post" action="/api/prg"><input type="hidden" name="redirectUrl" value="aHR0cHM6Ly9zaG9wLnJld2UuZGUvYy9mbGVpc2NoLWZpc2NoLz9icmFuZD1Mb3Rhbw" /><button type="submit" class="PostRequestGetForm_PostRequestGetFormButton__9Sp2R"><div class="FacetOptionLinkInner_rsFacetGroupContainerFacetOptionLink__NwS54"><div class="FacetOptionLinkInner_rsFacetGroupContainerFacetOptionCheckbox__qD9YP"><div class="FacetOptionLinkInner_rsFacetGroupContainerFacetOptionCheckboxTick__mNywB FacetOptionLinkInner_rsFacetGroupContainerFacetOptionCheckboxTickInactive__xDQ_I"></div></div><span class="FacetOptionLabel_facetGroupContainerFacetOptionName__PZPeO"><span>Lotao</span></span></div></button></form></div></li><li class="FacetOption_rsFacetGroupContainerFacetOption__Cvf0_"><div class="FacetOptionLink_rsFacetGroupContainerFacetOptionLinkActive__gPkh9" title="Mehlig &amp; Heller" id="BRAND-Mehlig &amp; Heller"><form method="post" action="/api/prg"><input type="hidden" name="redirectUrl" value="aHR0cHM6Ly9zaG9wLnJld2UuZGUvYy9mbGVpc2NoLWZpc2NoLz9icmFuZD1NZWhsaWclMjAlMjYlMjBIZWxsZXI" /><button type="submit" class="PostRequestGetForm_PostRequestGetFormButton__9Sp2R"><div class="FacetOptionLinkInner_rsFacetGroupContainerFacetOptionLink__NwS54"><div class="FacetOptionLinkInner_rsFacetGroupContainerFacetOptionCheckbox__qD9YP"><div class="FacetOptionLinkInner_rsFacetGroupContainerFacetOptionCheckboxTick__mNywB FacetOptionLinkInner_rsFacetGroupContainerFacetOptionCheckboxTickInactive__xDQ_I"></div></div><span class="FacetOptionLabel_facetGroupContainerFacetOptionName__PZPeO"><span>Mehlig &amp; Heller</span></span></div></button></form></div></li><li class="FacetOption_rsFacetGroupContainerFacetOption__Cvf0_"><div class="FacetOptionLink_rsFacetGroupContainerFacetOptionLinkActive__gPkh9" title="Meica" id="BRAND-Meica"><form method="post" action="/api/prg"><input type="hidden" name="redirectUrl" value="aHR0cHM6Ly9zaG9wLnJld2UuZGUvYy9mbGVpc2NoLWZpc2NoLz9icmFuZD1NZWljYQ" /><button type="submit" class="PostRequestGetForm_PostRequestGetFormButton__9Sp2R"><div class="FacetOptionLinkInner_rsFacetGroupContainerFacetOptionLink__NwS54"><div class="FacetOptionLinkInner_rsFacetGroupContainerFacetOptionCheckbox__qD9YP"><div class="FacetOptionLinkInner_rsFacetGroupContainerFacetOptionCheckboxTick__mNywB FacetOptionLinkInner_rsFacetGroupContainerFacetOptionCheckboxTickInactive__xDQ_I"></div></div><span class="FacetOptionLabel_facetGroupContainerFacetOptionName__PZPeO"><span>Meica</span></span></div></button></form></div></li><li class="FacetOption_rsFacetGroupContainerFacetOption__Cvf0_"><div class="FacetOptionLink_rsFacetGroupContainerFacetOptionLinkActive__gPkh9" title="Meisterklasse" id="BRAND-Meisterklasse"><form method="post" action="/api/prg"><input type="hidden" name="redirectUrl" value="aHR0cHM6Ly9zaG9wLnJld2UuZGUvYy9mbGVpc2NoLWZpc2NoLz9icmFuZD1NZWlzdGVya2xhc3Nl" /><button type="submit" class="PostRequestGetForm_PostRequestGetFormButton__9Sp2R"><div class="FacetOptionLinkInner_rsFacetGroupContainerFacetOptionLink__NwS54"><div class="FacetOptionLinkInner_rsFacetGroupContainerFacetOptionCheckbox__qD9YP"><div class="FacetOptionLinkInner_rsFacetGroupContainerFacetOptionCheckboxTick__mNywB FacetOptionLinkInner_rsFacetGroupContainerFacetOptionCheckboxTickInactive__xDQ_I"></div></div><span class="FacetOptionLabel_facetGroupContainerFacetOptionName__PZPeO"><span>Meisterklasse</span></span></div></button></form></div></li><li class="FacetOption_rsFacetGroupContainerFacetOption__Cvf0_"><div class="FacetOptionLink_rsFacetGroupContainerFacetOptionLinkActive__gPkh9" title="Nadler" id="BRAND-Nadler"><form method="post" action="/api/prg"><input type="hidden" name="redirectUrl" value="aHR0cHM6Ly9zaG9wLnJld2UuZGUvYy9mbGVpc2NoLWZpc2NoLz9icmFuZD1OYWRsZXI" /><button type="submit" class="PostRequestGetForm_PostRequestGetFormButton__9Sp2R"><div class="FacetOptionLinkInner_rsFacetGroupContainerFacetOptionLink__NwS54"><div class="FacetOptionLinkInner_rsFacetGroupContainerFacetOptionCheckbox__qD9YP"><div class="FacetOptionLinkInner_rsFacetGroupContainerFacetOptionCheckboxTick__mNywB FacetOptionLinkInner_rsFacetGroupContainerFacetOptionCheckboxTickInactive__xDQ_I"></div></div><span class="FacetOptionLabel_facetGroupContainerFacetOptionName__PZPeO"><span>Nadler</span></span></div></button></form></div></li><li class="FacetOption_rsFacetGroupContainerFacetOption__Cvf0_"><div class="FacetOptionLink_rsFacetGroupContainerFacetOptionLinkActive__gPkh9" title="Nature &amp; Respect" id="BRAND-Nature &amp; Respect"><form method="post" action="/api/prg"><input type="hidden" name="redirectUrl" value="aHR0cHM6Ly9zaG9wLnJld2UuZGUvYy9mbGVpc2NoLWZpc2NoLz9icmFuZD1OYXR1cmUlMjAlMjYlMjBSZXNwZWN0" /><button type="submit" class="PostRequestGetForm_PostRequestGetFormButton__9Sp2R"><div class="FacetOptionLinkInner_rsFacetGroupContainerFacetOptionLink__NwS54"><div class="FacetOptionLinkInner_rsFacetGroupContainerFacetOptionCheckbox__qD9YP"><div class="FacetOptionLinkInner_rsFacetGroupContainerFacetOptionCheckboxTick__mNywB FacetOptionLinkInner_rsFacetGroupContainerFacetOptionCheckboxTickInactive__xDQ_I"></div></div><span class="FacetOptionLabel_facetGroupContainerFacetOptionName__PZPeO"><span>Nature &amp; Respect</span></span></div></button></form></div></li><li class="FacetOption_rsFacetGroupContainerFacetOption__Cvf0_"><div class="FacetOptionLink_rsFacetGroupContainerFacetOptionLinkActive__gPkh9" title="Nordsee" id="BRAND-Nordsee"><form method="post" action="/api/prg"><input type="hidden" name="redirectUrl" value="aHR0cHM6Ly9zaG9wLnJld2UuZGUvYy9mbGVpc2NoLWZpc2NoLz9icmFuZD1Ob3Jkc2Vl" /><button type="submit" class="PostRequestGetForm_PostRequestGetFormButton__9Sp2R"><div class="FacetOptionLinkInner_rsFacetGroupContainerFacetOptionLink__NwS54"><div class="FacetOptionLinkInner_rsFacetGroupContainerFacetOptionCheckbox__qD9YP"><div class="FacetOptionLinkInner_rsFacetGroupContainerFacetOptionCheckboxTick__mNywB FacetOptionLinkInner_rsFacetGroupContainerFacetOptionCheckboxTickInactive__xDQ_I"></div></div><span class="FacetOptionLabel_facetGroupContainerFacetOptionName__PZPeO"><span>Nordsee</span></span></div></button></form></div></li><li class="FacetOption_rsFacetGroupContainerFacetOption__Cvf0_"><div class="FacetOptionLink_rsFacetGroupContainerFacetOptionLinkActive__gPkh9" title="Pick" id="BRAND-Pick"><form method="post" action="/api/prg"><input type="hidden" name="redirectUrl" value="aHR0cHM6Ly9zaG9wLnJld2UuZGUvYy9mbGVpc2NoLWZpc2NoLz9icmFuZD1QaWNr" /><button type="submit" class="PostRequestGetForm_PostRequestGetFormButton__9Sp2R"><div class="FacetOptionLinkInner_rsFacetGroupContainerFacetOptionLink__NwS54"><div class="FacetOptionLinkInner_rsFacetGroupContainerFacetOptionCheckbox__qD9YP"><div class="FacetOptionLinkInner_rsFacetGroupContainerFacetOptionCheckboxTick__mNywB FacetOptionLinkInner_rsFacetGroupContainerFacetOptionCheckboxTickInactive__xDQ_I"></div></div><span class="FacetOptionLabel_facetGroupContainerFacetOptionName__PZPeO"><span>Pick</span></span></div></button></form></div></li><li class="FacetOption_rsFacetGroupContainerFacetOption__Cvf0_"><div class="FacetOptionLink_rsFacetGroupContainerFacetOptionLinkActive__gPkh9" title="planted." id="BRAND-planted."><form method="post" action="/api/prg"><input type="hidden" name="redirectUrl" value="aHR0cHM6Ly9zaG9wLnJld2UuZGUvYy9mbGVpc2NoLWZpc2NoLz9icmFuZD1wbGFudGVkLg" /><button type="submit" class="PostRequestGetForm_PostRequestGetFormButton__9Sp2R"><div class="FacetOptionLinkInner_rsFacetGroupContainerFacetOptionLink__NwS54"><div class="FacetOptionLinkInner_rsFacetGroupContainerFacetOptionCheckbox__qD9YP"><div class="FacetOptionLinkInner_rsFacetGroupContainerFacetOptionCheckboxTick__mNywB FacetOptionLinkInner_rsFacetGroupContainerFacetOptionCheckboxTickInactive__xDQ_I"></div></div><span class="FacetOptionLabel_facetGroupContainerFacetOptionName__PZPeO"><span>planted.</span></span></div></button></form></div></li><li class="FacetOption_rsFacetGroupContainerFacetOption__Cvf0_"><div class="FacetOptionLink_rsFacetGroupContainerFacetOptionLinkActive__gPkh9" title="Ponnath" id="BRAND-Ponnath"><form method="post" action="/api/prg"><input type="hidden" name="redirectUrl" value="aHR0cHM6Ly9zaG9wLnJld2UuZGUvYy9mbGVpc2NoLWZpc2NoLz9icmFuZD1Qb25uYXRo" /><button type="submit" class="PostRequestGetForm_PostRequestGetFormButton__9Sp2R"><div class="FacetOptionLinkInner_rsFacetGroupContainerFacetOptionLink__NwS54"><div class="FacetOptionLinkInner_rsFacetGroupContainerFacetOptionCheckbox__qD9YP"><div class="FacetOptionLinkInner_rsFacetGroupContainerFacetOptionCheckboxTick__mNywB FacetOptionLinkInner_rsFacetGroupContainerFacetOptionCheckboxTickInactive__xDQ_I"></div></div><span class="FacetOptionLabel_facetGroupContainerFacetOptionName__PZPeO"><span>Ponnath</span></span></div></button></form></div></li><li class="FacetOption_rsFacetGroupContainerFacetOption__Cvf0_"><div class="FacetOptionLink_rsFacetGroupContainerFacetOptionLinkActive__gPkh9" title="Popp" id="BRAND-Popp"><form method="post" action="/api/prg"><input type="hidden" name="redirectUrl" value="aHR0cHM6Ly9zaG9wLnJld2UuZGUvYy9mbGVpc2NoLWZpc2NoLz9icmFuZD1Qb3Bw" /><button type="submit" class="PostRequestGetForm_PostRequestGetFormButton__9Sp2R"><div class="FacetOptionLinkInner_rsFacetGroupContainerFacetOptionLink__NwS54"><div class="FacetOptionLinkInner_rsFacetGroupContainerFacetOptionCheckbox__qD9YP"><div class="FacetOptionLinkInner_rsFacetGroupContainerFacetOptionCheckboxTick__mNywB FacetOptionLinkInner_rsFacetGroupContainerFacetOptionCheckboxTickInactive__xDQ_I"></div></div><span class="FacetOptionLabel_facetGroupContainerFacetOptionName__PZPeO"><span>Popp</span></span></div></button></form></div></li><li class="FacetOption_rsFacetGroupContainerFacetOption__Cvf0_"><div class="FacetOptionLink_rsFacetGroupContainerFacetOptionLinkActive__gPkh9" title="Reinert" id="BRAND-Reinert"><form method="post" action="/api/prg"><input type="hidden" name="redirectUrl" value="aHR0cHM6Ly9zaG9wLnJld2UuZGUvYy9mbGVpc2NoLWZpc2NoLz9icmFuZD1SZWluZXJ0" /><button type="submit" class="PostRequestGetForm_PostRequestGetFormButton__9Sp2R"><div class="FacetOptionLinkInner_rsFacetGroupContainerFacetOptionLink__NwS54"><div class="FacetOptionLinkInner_rsFacetGroupContainerFacetOptionCheckbox__qD9YP"><div class="FacetOptionLinkInner_rsFacetGroupContainerFacetOptionCheckboxTick__mNywB FacetOptionLinkInner_rsFacetGroupContainerFacetOptionCheckboxTickInactive__xDQ_I"></div></div><span class="FacetOptionLabel_facetGroupContainerFacetOptionName__PZPeO"><span>Reinert</span></span></div></button></form></div></li><li class="FacetOption_rsFacetGroupContainerFacetOption__Cvf0_"><div class="FacetOptionLink_rsFacetGroupContainerFacetOptionLinkActive__gPkh9" title="Rügenwalder Mühle" id="BRAND-Rügenwalder Mühle"><form method="post" action="/api/prg"><input type="hidden" name="redirectUrl" value="aHR0cHM6Ly9zaG9wLnJld2UuZGUvYy9mbGVpc2NoLWZpc2NoLz9icmFuZD1SJUMzJUJDZ2Vud2FsZGVyJTIwTSVDMyVCQ2hsZQ" /><button type="submit" class="PostRequestGetForm_PostRequestGetFormButton__9Sp2R"><div class="FacetOptionLinkInner_rsFacetGroupContainerFacetOptionLink__NwS54"><div class="FacetOptionLinkInner_rsFacetGroupContainerFacetOptionCheckbox__qD9YP"><div class="FacetOptionLinkInner_rsFacetGroupContainerFacetOptionCheckboxTick__mNywB FacetOptionLinkInner_rsFacetGroupContainerFacetOptionCheckboxTickInactive__xDQ_I"></div></div><span class="FacetOptionLabel_facetGroupContainerFacetOptionName__PZPeO"><span>Rügenwalder Mühle</span></span></div></button></form></div></li><li class="FacetOption_rsFacetGroupContainerFacetOption__Cvf0_"><div class="FacetOptionLink_rsFacetGroupContainerFacetOptionLinkActive__gPkh9" title="Saupiquet" id="BRAND-Saupiquet"><form method="post" action="/api/prg"><input type="hidden" name="redirectUrl" value="aHR0cHM6Ly9zaG9wLnJld2UuZGUvYy9mbGVpc2NoLWZpc2NoLz9icmFuZD1TYXVwaXF1ZXQ" /><button type="submit" class="PostRequestGetForm_PostRequestGetFormButton__9Sp2R"><div class="FacetOptionLinkInner_rsFacetGroupContainerFacetOptionLink__NwS54"><div class="FacetOptionLinkInner_rsFacetGroupContainerFacetOptionCheckbox__qD9YP"><div class="FacetOptionLinkInner_rsFacetGroupContainerFacetOptionCheckboxTick__mNywB FacetOptionLinkInner_rsFacetGroupContainerFacetOptionCheckboxTickInactive__xDQ_I"></div></div><span class="FacetOptionLabel_facetGroupContainerFacetOptionName__PZPeO"><span>Saupiquet</span></span></div></button></form></div></li><li class="FacetOption_rsFacetGroupContainerFacetOption__Cvf0_"><div class="FacetOptionLink_rsFacetGroupContainerFacetOptionLinkActive__gPkh9" title="Steinhaus" id="BRAND-Steinhaus"><form method="post" action="/api/prg"><input type="hidden" name="redirectUrl" value="aHR0cHM6Ly9zaG9wLnJld2UuZGUvYy9mbGVpc2NoLWZpc2NoLz9icmFuZD1TdGVpbmhhdXM" /><button type="submit" class="PostRequestGetForm_PostRequestGetFormButton__9Sp2R"><div class="FacetOptionLinkInner_rsFacetGroupContainerFacetOptionLink__NwS54"><div class="FacetOptionLinkInner_rsFacetGroupContainerFacetOptionCheckbox__qD9YP"><div class="FacetOptionLinkInner_rsFacetGroupContainerFacetOptionCheckboxTick__mNywB FacetOptionLinkInner_rsFacetGroupContainerFacetOptionCheckboxTickInactive__xDQ_I"></div></div><span class="FacetOptionLabel_facetGroupContainerFacetOptionName__PZPeO"><span>Steinhaus</span></span></div></button></form></div></li><li class="FacetOption_rsFacetGroupContainerFacetOption__Cvf0_"><div class="FacetOptionLink_rsFacetGroupContainerFacetOptionLinkActive__gPkh9" title="The Vegetarian Butcher" id="BRAND-The Vegetarian Butcher"><form method="post" action="/api/prg"><input type="hidden" name="redirectUrl" value="aHR0cHM6Ly9zaG9wLnJld2UuZGUvYy9mbGVpc2NoLWZpc2NoLz9icmFuZD1UaGUlMjBWZWdldGFyaWFuJTIwQnV0Y2hlcg" /><button type="submit" class="PostRequestGetForm_PostRequestGetFormButton__9Sp2R"><div class="FacetOptionLinkInner_rsFacetGroupContainerFacetOptionLink__NwS54"><div class="FacetOptionLinkInner_rsFacetGroupContainerFacetOptionCheckbox__qD9YP"><div class="FacetOptionLinkInner_rsFacetGroupContainerFacetOptionCheckboxTick__mNywB FacetOptionLinkInner_rsFacetGroupContainerFacetOptionCheckboxTickInactive__xDQ_I"></div></div><span class="FacetOptionLabel_facetGroupContainerFacetOptionName__PZPeO"><span>The Vegetarian Butcher</span></span></div></button></form></div></li><li class="FacetOption_rsFacetGroupContainerFacetOption__Cvf0_"><div class="FacetOptionLink_rsFacetGroupContainerFacetOptionLinkActive__gPkh9" title="Tillman&#x27;s" id="BRAND-Tillman&#x27;s"><form method="post" action="/api/prg"><input type="hidden" name="redirectUrl" value="aHR0cHM6Ly9zaG9wLnJld2UuZGUvYy9mbGVpc2NoLWZpc2NoLz9icmFuZD1UaWxsbWFuJTI3cw" /><button type="submit" class="PostRequestGetForm_PostRequestGetFormButton__9Sp2R"><div class="FacetOptionLinkInner_rsFacetGroupContainerFacetOptionLink__NwS54"><div class="FacetOptionLinkInner_rsFacetGroupContainerFacetOptionCheckbox__qD9YP"><div class="FacetOptionLinkInner_rsFacetGroupContainerFacetOptionCheckboxTick__mNywB FacetOptionLinkInner_rsFacetGroupContainerFacetOptionCheckboxTickInactive__xDQ_I"></div></div><span class="FacetOptionLabel_facetGroupContainerFacetOptionName__PZPeO"><span>Tillman&#x27;s</span></span></div></button></form></div></li><li class="FacetOption_rsFacetGroupContainerFacetOption__Cvf0_"><div class="FacetOptionLink_rsFacetGroupContainerFacetOptionLinkActive__gPkh9" title="Tukan" id="BRAND-Tukan"><form method="post" action="/api/prg"><input type="hidden" name="redirectUrl" value="aHR0cHM6Ly9zaG9wLnJld2UuZGUvYy9mbGVpc2NoLWZpc2NoLz9icmFuZD1UdWthbg" /><button type="submit" class="PostRequestGetForm_PostRequestGetFormButton__9Sp2R"><div class="FacetOptionLinkInner_rsFacetGroupContainerFacetOptionLink__NwS54"><div class="FacetOptionLinkInner_rsFacetGroupContainerFacetOptionCheckbox__qD9YP"><div class="FacetOptionLinkInner_rsFacetGroupContainerFacetOptionCheckboxTick__mNywB FacetOptionLinkInner_rsFacetGroupContainerFacetOptionCheckboxTickInactive__xDQ_I"></div></div><span class="FacetOptionLabel_facetGroupContainerFacetOptionName__PZPeO"><span>Tukan</span></span></div></button></form></div></li><li class="FacetOption_rsFacetGroupContainerFacetOption__Cvf0_"><div class="FacetOptionLink_rsFacetGroupContainerFacetOptionLinkActive__gPkh9" title="Tulip" id="BRAND-Tulip"><form method="post" action="/api/prg"><input type="hidden" name="redirectUrl" value="aHR0cHM6Ly9zaG9wLnJld2UuZGUvYy9mbGVpc2NoLWZpc2NoLz9icmFuZD1UdWxpcA" /><button type="submit" class="PostRequestGetForm_PostRequestGetFormButton__9Sp2R"><div class="FacetOptionLinkInner_rsFacetGroupContainerFacetOptionLink__NwS54"><div class="FacetOptionLinkInner_rsFacetGroupContainerFacetOptionCheckbox__qD9YP"><div class="FacetOptionLinkInner_rsFacetGroupContainerFacetOptionCheckboxTick__mNywB FacetOptionLinkInner_rsFacetGroupContainerFacetOptionCheckboxTickInactive__xDQ_I"></div></div><span class="FacetOptionLabel_facetGroupContainerFacetOptionName__PZPeO"><span>Tulip</span></span></div></button></form></div></li><li class="FacetOption_rsFacetGroupContainerFacetOption__Cvf0_"><div class="FacetOptionLink_rsFacetGroupContainerFacetOptionLinkActive__gPkh9" title="Valess" id="BRAND-Valess"><form method="post" action="/api/prg"><input type="hidden" name="redirectUrl" value="aHR0cHM6Ly9zaG9wLnJld2UuZGUvYy9mbGVpc2NoLWZpc2NoLz9icmFuZD1WYWxlc3M" /><button type="submit" class="PostRequestGetForm_PostRequestGetFormButton__9Sp2R"><div class="FacetOptionLinkInner_rsFacetGroupContainerFacetOptionLink__NwS54"><div class="FacetOptionLinkInner_rsFacetGroupContainerFacetOptionCheckbox__qD9YP"><div class="FacetOptionLinkInner_rsFacetGroupContainerFacetOptionCheckboxTick__mNywB FacetOptionLinkInner_rsFacetGroupContainerFacetOptionCheckboxTickInactive__xDQ_I"></div></div><span class="FacetOptionLabel_facetGroupContainerFacetOptionName__PZPeO"><span>Valess</span></span></div></button></form></div></li><li class="FacetOption_rsFacetGroupContainerFacetOption__Cvf0_"><div class="FacetOptionLink_rsFacetGroupContainerFacetOptionLinkActive__gPkh9" title="Vantastic Foods" id="BRAND-Vantastic Foods"><form method="post" action="/api/prg"><input type="hidden" name="redirectUrl" value="aHR0cHM6Ly9zaG9wLnJld2UuZGUvYy9mbGVpc2NoLWZpc2NoLz9icmFuZD1WYW50YXN0aWMlMjBGb29kcw" /><button type="submit" class="PostRequestGetForm_PostRequestGetFormButton__9Sp2R"><div class="FacetOptionLinkInner_rsFacetGroupContainerFacetOptionLink__NwS54"><div class="FacetOptionLinkInner_rsFacetGroupContainerFacetOptionCheckbox__qD9YP"><div class="FacetOptionLinkInner_rsFacetGroupContainerFacetOptionCheckboxTick__mNywB FacetOptionLinkInner_rsFacetGroupContainerFacetOptionCheckboxTickInactive__xDQ_I"></div></div><span class="FacetOptionLabel_facetGroupContainerFacetOptionName__PZPeO"><span>Vantastic Foods</span></span></div></button></form></div></li><li class="FacetOption_rsFacetGroupContainerFacetOption__Cvf0_"><div class="FacetOptionLink_rsFacetGroupContainerFacetOptionLinkActive__gPkh9" title="Veganz" id="BRAND-Veganz"><form method="post" action="/api/prg"><input type="hidden" name="redirectUrl" value="aHR0cHM6Ly9zaG9wLnJld2UuZGUvYy9mbGVpc2NoLWZpc2NoLz9icmFuZD1WZWdhbno" /><button type="submit" class="PostRequestGetForm_PostRequestGetFormButton__9Sp2R"><div class="FacetOptionLinkInner_rsFacetGroupContainerFacetOptionLink__NwS54"><div class="FacetOptionLinkInner_rsFacetGroupContainerFacetOptionCheckbox__qD9YP"><div class="FacetOptionLinkInner_rsFacetGroupContainerFacetOptionCheckboxTick__mNywB FacetOptionLinkInner_rsFacetGroupContainerFacetOptionCheckboxTickInactive__xDQ_I"></div></div><span class="FacetOptionLabel_facetGroupContainerFacetOptionName__PZPeO"><span>Veganz</span></span></div></button></form></div></li><li class="FacetOption_rsFacetGroupContainerFacetOption__Cvf0_"><div class="FacetOptionLink_rsFacetGroupContainerFacetOptionLinkActive__gPkh9" title="Veggy Friends" id="BRAND-Veggy Friends"><form method="post" action="/api/prg"><input type="hidden" name="redirectUrl" value="aHR0cHM6Ly9zaG9wLnJld2UuZGUvYy9mbGVpc2NoLWZpc2NoLz9icmFuZD1WZWdneSUyMEZyaWVuZHM" /><button type="submit" class="PostRequestGetForm_PostRequestGetFormButton__9Sp2R"><div class="FacetOptionLinkInner_rsFacetGroupContainerFacetOptionLink__NwS54"><div class="FacetOptionLinkInner_rsFacetGroupContainerFacetOptionCheckbox__qD9YP"><div class="FacetOptionLinkInner_rsFacetGroupContainerFacetOptionCheckboxTick__mNywB FacetOptionLinkInner_rsFacetGroupContainerFacetOptionCheckboxTickInactive__xDQ_I"></div></div><span class="FacetOptionLabel_facetGroupContainerFacetOptionName__PZPeO"><span>Veggy Friends</span></span></div></button></form></div></li><li class="FacetOption_rsFacetGroupContainerFacetOption__Cvf0_"><div class="FacetOptionLink_rsFacetGroupContainerFacetOptionLinkActive__gPkh9" title="Vinzenzmurr" id="BRAND-Vinzenzmurr"><form method="post" action="/api/prg"><input type="hidden" name="redirectUrl" value="aHR0cHM6Ly9zaG9wLnJld2UuZGUvYy9mbGVpc2NoLWZpc2NoLz9icmFuZD1WaW56ZW56bXVycg" /><button type="submit" class="PostRequestGetForm_PostRequestGetFormButton__9Sp2R"><div class="FacetOptionLinkInner_rsFacetGroupContainerFacetOptionLink__NwS54"><div class="FacetOptionLinkInner_rsFacetGroupContainerFacetOptionCheckbox__qD9YP"><div class="FacetOptionLinkInner_rsFacetGroupContainerFacetOptionCheckboxTick__mNywB FacetOptionLinkInner_rsFacetGroupContainerFacetOptionCheckboxTickInactive__xDQ_I"></div></div><span class="FacetOptionLabel_facetGroupContainerFacetOptionName__PZPeO"><span>Vinzenzmurr</span></span></div></button></form></div></li><li class="FacetOption_rsFacetGroupContainerFacetOption__Cvf0_"><div class="FacetOptionLink_rsFacetGroupContainerFacetOptionLinkActive__gPkh9" title="Vivera" id="BRAND-Vivera"><form method="post" action="/api/prg"><input type="hidden" name="redirectUrl" value="aHR0cHM6Ly9zaG9wLnJld2UuZGUvYy9mbGVpc2NoLWZpc2NoLz9icmFuZD1WaXZlcmE" /><button type="submit" class="PostRequestGetForm_PostRequestGetFormButton__9Sp2R"><div class="FacetOptionLinkInner_rsFacetGroupContainerFacetOptionLink__NwS54"><div class="FacetOptionLinkInner_rsFacetGroupContainerFacetOptionCheckbox__qD9YP"><div class="FacetOptionLinkInner_rsFacetGroupContainerFacetOptionCheckboxTick__mNywB FacetOptionLinkInner_rsFacetGroupContainerFacetOptionCheckboxTickInactive__xDQ_I"></div></div><span class="FacetOptionLabel_facetGroupContainerFacetOptionName__PZPeO"><span>Vivera</span></span></div></button></form></div></li><li class="FacetOption_rsFacetGroupContainerFacetOption__Cvf0_"><div class="FacetOptionLink_rsFacetGroupContainerFacetOptionLinkActive__gPkh9" title="Wiesbauer" id="BRAND-Wiesbauer"><form method="post" action="/api/prg"><input type="hidden" name="redirectUrl" value="aHR0cHM6Ly9zaG9wLnJld2UuZGUvYy9mbGVpc2NoLWZpc2NoLz9icmFuZD1XaWVzYmF1ZXI" /><button type="submit" class="PostRequestGetForm_PostRequestGetFormButton__9Sp2R"><div class="FacetOptionLinkInner_rsFacetGroupContainerFacetOptionLink__NwS54"><div class="FacetOptionLinkInner_rsFacetGroupContainerFacetOptionCheckbox__qD9YP"><div class="FacetOptionLinkInner_rsFacetGroupContainerFacetOptionCheckboxTick__mNywB FacetOptionLinkInner_rsFacetGroupContainerFacetOptionCheckboxTickInactive__xDQ_I"></div></div><span class="FacetOptionLabel_facetGroupContainerFacetOptionName__PZPeO"><span>Wiesbauer</span></span></div></button></form></div></li><li class="FacetOption_rsFacetGroupContainerFacetOption__Cvf0_"><div class="FacetOptionLink_rsFacetGroupContainerFacetOptionLinkActive__gPkh9" title="Wiesenhof" id="BRAND-Wiesenhof"><form method="post" action="/api/prg"><input type="hidden" name="redirectUrl" value="aHR0cHM6Ly9zaG9wLnJld2UuZGUvYy9mbGVpc2NoLWZpc2NoLz9icmFuZD1XaWVzZW5ob2Y" /><button type="submit" class="PostRequestGetForm_PostRequestGetFormButton__9Sp2R"><div class="FacetOptionLinkInner_rsFacetGroupContainerFacetOptionLink__NwS54"><div class="FacetOptionLinkInner_rsFacetGroupContainerFacetOptionCheckbox__qD9YP"><div class="FacetOptionLinkInner_rsFacetGroupContainerFacetOptionCheckboxTick__mNywB FacetOptionLinkInner_rsFacetGroupContainerFacetOptionCheckboxTickInactive__xDQ_I"></div></div><span class="FacetOptionLabel_facetGroupContainerFacetOptionName__PZPeO"><span>Wiesenhof</span></span></div></button></form></div></li><li class="FacetOption_rsFacetGroupContainerFacetOption__Cvf0_"><div class="FacetOptionLink_rsFacetGroupContainerFacetOptionLinkActive__gPkh9" title="Wilhelm Brandenburg" id="BRAND-Wilhelm Brandenburg"><form method="post" action="/api/prg"><input type="hidden" name="redirectUrl" value="aHR0cHM6Ly9zaG9wLnJld2UuZGUvYy9mbGVpc2NoLWZpc2NoLz9icmFuZD1XaWxoZWxtJTIwQnJhbmRlbmJ1cmc" /><button type="submit" class="PostRequestGetForm_PostRequestGetFormButton__9Sp2R"><div class="FacetOptionLinkInner_rsFacetGroupContainerFacetOptionLink__NwS54"><div class="FacetOptionLinkInner_rsFacetGroupContainerFacetOptionCheckbox__qD9YP"><div class="FacetOptionLinkInner_rsFacetGroupContainerFacetOptionCheckboxTick__mNywB FacetOptionLinkInner_rsFacetGroupContainerFacetOptionCheckboxTickInactive__xDQ_I"></div></div><span class="FacetOptionLabel_facetGroupContainerFacetOptionName__PZPeO"><span>Wilhelm Brandenburg</span></span></div></button></form></div></li><li class="FacetOption_rsFacetGroupContainerFacetOption__Cvf0_"><div class="FacetOptionLink_rsFacetGroupContainerFacetOptionLinkActive__gPkh9" title="Wiltmann" id="BRAND-Wiltmann"><form method="post" action="/api/prg"><input type="hidden" name="redirectUrl" value="aHR0cHM6Ly9zaG9wLnJld2UuZGUvYy9mbGVpc2NoLWZpc2NoLz9icmFuZD1XaWx0bWFubg" /><button type="submit" class="PostRequestGetForm_PostRequestGetFormButton__9Sp2R"><div class="FacetOptionLinkInner_rsFacetGroupContainerFacetOptionLink__NwS54"><div class="FacetOptionLinkInner_rsFacetGroupContainerFacetOptionCheckbox__qD9YP"><div class="FacetOptionLinkInner_rsFacetGroupContainerFacetOptionCheckboxTick__mNywB FacetOptionLinkInner_rsFacetGroupContainerFacetOptionCheckboxTickInactive__xDQ_I"></div></div><span class="FacetOptionLabel_facetGroupContainerFacetOptionName__PZPeO"><span>Wiltmann</span></span></div></button></form></div></li><li class="FacetOption_rsFacetGroupContainerFacetOption__Cvf0_"><div class="FacetOptionLink_rsFacetGroupContainerFacetOptionLinkActive__gPkh9" title="Wolf" id="BRAND-Wolf"><form method="post" action="/api/prg"><input type="hidden" name="redirectUrl" value="aHR0cHM6Ly9zaG9wLnJld2UuZGUvYy9mbGVpc2NoLWZpc2NoLz9icmFuZD1Xb2xm" /><button type="submit" class="PostRequestGetForm_PostRequestGetFormButton__9Sp2R"><div class="FacetOptionLinkInner_rsFacetGroupContainerFacetOptionLink__NwS54"><div class="FacetOptionLinkInner_rsFacetGroupContainerFacetOptionCheckbox__qD9YP"><div class="FacetOptionLinkInner_rsFacetGroupContainerFacetOptionCheckboxTick__mNywB FacetOptionLinkInner_rsFacetGroupContainerFacetOptionCheckboxTickInactive__xDQ_I"></div></div><span class="FacetOptionLabel_facetGroupContainerFacetOptionName__PZPeO"><span>Wolf</span></span></div></button></form></div></li><li class="FacetOption_rsFacetGroupContainerFacetOption__Cvf0_"><div class="FacetOptionLink_rsFacetGroupContainerFacetOptionLinkActive__gPkh9" title="Yayla" id="BRAND-Yayla"><form method="post" action="/api/prg"><input type="hidden" name="redirectUrl" value="aHR0cHM6Ly9zaG9wLnJld2UuZGUvYy9mbGVpc2NoLWZpc2NoLz9icmFuZD1ZYXlsYQ" /><button type="submit" class="PostRequestGetForm_PostRequestGetFormButton__9Sp2R"><div class="FacetOptionLinkInner_rsFacetGroupContainerFacetOptionLink__NwS54"><div class="FacetOptionLinkInner_rsFacetGroupContainerFacetOptionCheckbox__qD9YP"><div class="FacetOptionLinkInner_rsFacetGroupContainerFacetOptionCheckboxTick__mNywB FacetOptionLinkInner_rsFacetGroupContainerFacetOptionCheckboxTickInactive__xDQ_I"></div></div><span class="FacetOptionLabel_facetGroupContainerFacetOptionName__PZPeO"><span>Yayla</span></span></div></button></form></div></li><li class="FacetOption_rsFacetGroupContainerFacetOption__Cvf0_"><div class="FacetOptionLink_rsFacetGroupContainerFacetOptionLinkActive__gPkh9" title="Zimbo" id="BRAND-Zimbo"><form method="post" action="/api/prg"><input type="hidden" name="redirectUrl" value="aHR0cHM6Ly9zaG9wLnJld2UuZGUvYy9mbGVpc2NoLWZpc2NoLz9icmFuZD1aaW1ibw" /><button type="submit" class="PostRequestGetForm_PostRequestGetFormButton__9Sp2R"><div class="FacetOptionLinkInner_rsFacetGroupContainerFacetOptionLink__NwS54"><div class="FacetOptionLinkInner_rsFacetGroupContainerFacetOptionCheckbox__qD9YP"><div class="FacetOptionLinkInner_rsFacetGroupContainerFacetOptionCheckboxTick__mNywB FacetOptionLinkInner_rsFacetGroupContainerFacetOptionCheckboxTickInactive__xDQ_I"></div></div><span class="FacetOptionLabel_facetGroupContainerFacetOptionName__PZPeO"><span>Zimbo</span></span></div></button></form></div></li><li class="FacetOption_rsFacetGroupContainerFacetOption__Cvf0_"><div class="FacetOptionLink_rsFacetGroupContainerFacetOptionLinkActive__gPkh9" title="Zimmermann" id="BRAND-Zimmermann"><form method="post" action="/api/prg"><input type="hidden" name="redirectUrl" value="aHR0cHM6Ly9zaG9wLnJld2UuZGUvYy9mbGVpc2NoLWZpc2NoLz9icmFuZD1aaW1tZXJtYW5u" /><button type="submit" class="PostRequestGetForm_PostRequestGetFormButton__9Sp2R"><div class="FacetOptionLinkInner_rsFacetGroupContainerFacetOptionLink__NwS54"><div class="FacetOptionLinkInner_rsFacetGroupContainerFacetOptionCheckbox__qD9YP"><div class="FacetOptionLinkInner_rsFacetGroupContainerFacetOptionCheckboxTick__mNywB FacetOptionLinkInner_rsFacetGroupContainerFacetOptionCheckboxTickInactive__xDQ_I"></div></div><span class="FacetOptionLabel_facetGroupContainerFacetOptionName__PZPeO"><span>Zimmermann</span></span></div></button></form></div></li></ul></div></div></div></div></li></ul></aside><main class="ProductList_rsPageableProductList__5ocgO ProductList_rsQaPageableProductList__bU3Vy"><div class="QuickFacetChips_quickFacetChipContainer__pM9gi"><div class="QuickFacetChips_quickFacetFadeOut__NQkVW QuickFacetChips_left__Og26Z QuickFacetChips_hidden__SSQuD"></div><form method="post" action="/api/prg"><input type="hidden" name="redirectUrl" value="aHR0cHM6Ly9zaG9wLnJld2UuZGUvYy9mbGVpc2NoLWZpc2NoLz9hdHRyaWJ1dGU9ZGlzY291bnRlZA" /><button type="submit" class="PostRequestGetForm_PostRequestGetFormButton__9Sp2R"><div class="QuickFacetChips_quickFacetChip__1ika3" id="quick_facet_discounted"><span id="quick_facet_discounted_icon" class="QuickFacetChips_quickFacetChipIcon__apCbX QuickFacetChips_iconDiscounted__4_5oE"></span><span class="QuickFacetChips_quickFacetChipLabel__Io2kV">Angebote</span><span id="quick_facet_discounted_count" class="QuickFacetChips_quickFacetChipCount__yDW_Z">22</span></div></button></form><form method="post" action="/api/prg"><input type="hidden" name="redirectUrl" value="aHR0cHM6Ly9zaG9wLnJld2UuZGUvYy9mbGVpc2NoLWZpc2NoLz9hdHRyaWJ1dGU9b3JnYW5pYw" /><button type="submit" class="PostRequestGetForm_PostRequestGetFormButton__9Sp2R"><div class="QuickFacetChips_quickFacetChip__1ika3" id="quick_facet_organic"><span id="quick_facet_organic_icon" class="QuickFacetChips_quickFacetChipIcon__apCbX QuickFacetChips_iconOrganic__xou2f"></span><span class="QuickFacetChips_quickFacetChipLabel__Io2kV">Bio</span><span id="quick_facet_organic_count" class="QuickFacetChips_quickFacetChipCount__yDW_Z">122</span></div></button></form><form method="post" action="/api/prg"><input type="hidden" name="redirectUrl" value="aHR0cHM6Ly9zaG9wLnJld2UuZGUvYy9mbGVpc2NoLWZpc2NoLz9hdHRyaWJ1dGU9cmVnaW9uYWw" /><button type="submit" class="PostRequestGetForm_PostRequestGetFormButton__9Sp2R"><div class="QuickFacetChips_quickFacetChip__1ika3" id="quick_facet_regional"><span id="quick_facet_regional_icon" class="QuickFacetChips_quickFacetChipIcon__apCbX QuickFacetChips_iconRegional__6fjVF"></span><span class="QuickFacetChips_quickFacetChipLabel__Io2kV">Regional</span><span id="quick_facet_regional_count" class="QuickFacetChips_quickFacetChipCount__yDW_Z">70</span></div></button></form><form method="post" action="/api/prg"><input type="hidden" name="redirectUrl" value="aHR0cHM6Ly9zaG9wLnJld2UuZGUvYy9mbGVpc2NoLWZpc2NoLz9hdHRyaWJ1dGU9dmVnYW4" /><button type="submit" class="PostRequestGetForm_PostRequestGetFormButton__9Sp2R"><div class="QuickFacetChips_quickFacetChip__1ika3" id="quick_facet_vegan"><span id="quick_facet_vegan_icon" class="QuickFacetChips_quickFacetChipIcon__apCbX QuickFacetChips_iconVegan__Chpfh"></span><span class="QuickFacetChips_quickFacetChipLabel__Io2kV">Vegan</span><span id="quick_facet_vegan_count" class="QuickFacetChips_quickFacetChipCount__yDW_Z">103</span></div></button></form><form method="post" action="/api/prg"><input type="hidden" name="redirectUrl" value="aHR0cHM6Ly9zaG9wLnJld2UuZGUvYy9mbGVpc2NoLWZpc2NoLz9hdHRyaWJ1dGU9bmV3" /><button type="submit" class="PostRequestGetForm_PostRequestGetFormButton__9Sp2R"><div class="QuickFacetChips_quickFacetChip__1ika3" id="quick_facet_new"><span id="quick_facet_new_icon" class="QuickFacetChips_quickFacetChipIcon__apCbX QuickFacetChips_iconNew__ejb0B"></span><span class="QuickFacetChips_quickFacetChipLabel__Io2kV">Neu</span><span id="quick_facet_new_count" class="QuickFacetChips_quickFacetChipCount__yDW_Z">9</span></div></button></form><div class="QuickFacetChips_quickFacetFadeOut__NQkVW QuickFacetChips_right__AMrkn"></div></div><div class="ProductList_rsPageableProductListWrapper__v1cS_"><div class="search-service-rsTiles search-service-rsQaTiles search-service-rsTilesDefault ProductTiles_productTiles__70qRZ"><div class="search-service-product Product_product__maAwA" aria-labelledby="13-4337256208628-rewe-online-services|48466001-231011-product-title"><div><input type="hidden" name="nan" value="333139" /><input type="hidden" name="listingId" value="13-4337256208628-rewe-online-services|48466001-231011" /></div><div class="search-service-productDetailsWrapper Product_productDetailsWrapper__bX_s8"><a class="search-service-productDetailsLink Product_productDetailsLink__hXXfb" href="/p/rewe-bio-original-nuernberger-rostbratwuerstchen-160g/333139"><div class="search-service-pictureWrapper ProductMediaWrapper_pictureWrapper__ZHKoX"><div class="search-service-productPicture ProductMediaWrapper_productPicture__OXMYf"><div class="search-service-rsProductsMedia ProductMedia_rsProductsMedia__TgDb_"><picture><source srcSet="https://img.rewe-static.de/0333139/26083268_digital-image.png?resize=152px:152px&amp;output-quality=80&amp;output-format=webp&amp;im=BackgroundColor,color=fffff 152w, https://img.rewe-static.de/0333139/26083268_digital-image.png?resize=304px:304px&amp;output-quality=80&amp;output-format=webp&amp;im=BackgroundColor,color=fffff 304w, https://img.rewe-static.de/0333139/26083268_digital-image.png?resize=456px:456px&amp;output-quality=80&amp;output-format=webp&amp;im=BackgroundColor,color=fffff 456w, https://img.rewe-static.de/0333139/26083268_digital-image.png?resize=88px:88px&amp;output-quality=80&amp;output-format=webp&amp;im=BackgroundColor,color=fffff 88w, https://img.rewe-static.de/0333139/26083268_digital-image.png?resize=176px:176px&amp;output-quality=80&amp;output-format=webp&amp;im=BackgroundColor,color=fffff 176w, https://img.rewe-static.de/0333139/26083268_digital-image.png?resize=264px:264px&amp;output-quality=80&amp;output-format=webp&amp;im=BackgroundColor,color=fffff 264w" sizes="(min-width: 580px) 152px, 88px" type="image/webp" /><source srcSet="https://img.rewe-static.de/0333139/26083268_digital-image.png?resize=152px:152px&amp;output-quality=80&amp;output-format=jpeg2000&amp;im=BackgroundColor,color=fffff 152w, https://img.rewe-static.de/0333139/26083268_digital-image.png?resize=304px:304px&amp;output-quality=80&amp;output-format=jpeg2000&amp;im=BackgroundColor,color=fffff 304w, https://img.rewe-static.de/0333139/26083268_digital-image.png?resize=456px:456px&amp;output-quality=80&amp;output-format=jpeg2000&amp;im=BackgroundColor,color=fffff 456w, https://img.rewe-static.de/0333139/26083268_digital-image.png?resize=88px:88px&amp;output-quality=80&amp;output-format=jpeg2000&amp;im=BackgroundColor,color=fffff 88w, https://img.rewe-static.de/0333139/26083268_digital-image.png?resize=176px:176px&amp;output-quality=80&amp;output-format=jpeg2000&amp;im=BackgroundColor,color=fffff 176w, https://img.rewe-static.de/0333139/26083268_digital-image.png?resize=264px:264px&amp;output-quality=80&amp;output-format=jpeg2000&amp;im=BackgroundColor,color=fffff 264w" sizes="(min-width: 580px) 152px, 88px" type="image/jp2" /><source srcSet="https://img.rewe-static.de/0333139/26083268_digital-image.png?resize=152px:152px&amp;output-quality=80&amp;output-format=jpeg&amp;im=BackgroundColor,color=fffff 152w, https://img.rewe-static.de/0333139/26083268_digital-image.png?resize=304px:304px&amp;output-quality=80&amp;output-format=jpeg&amp;im=BackgroundColor,color=fffff 304w, https://img.rewe-static.de/0333139/26083268_digital-image.png?resize=456px:456px&amp;output-quality=80&amp;output-format=jpeg&amp;im=BackgroundColor,color=fffff 456w, https://img.rewe-static.de/0333139/26083268_digital-image.png?resize=88px:88px&amp;output-quality=80&amp;output-format=jpeg&amp;im=BackgroundColor,color=fffff 88w, https://img.rewe-static.de/0333139/26083268_digital-image.png?resize=176px:176px&amp;output-quality=80&amp;output-format=jpeg&amp;im=BackgroundColor,color=fffff 176w, https://img.rewe-static.de/0333139/26083268_digital-image.png?resize=264px:264px&amp;output-quality=80&amp;output-format=jpeg&amp;im=BackgroundColor,color=fffff 264w" sizes="(min-width: 580px) 152px, 88px" /><img src="https://img.rewe-static.de/0333139/26083268_digital-image.png?resize=152px:152px&amp;output-quality=80&amp;output-format=jpeg&amp;im=BackgroundColor,color=fffff" width="152" height="152" alt="REWE Bio Original Nürnberger Rostbratwürstchen 160g" /></picture></div></div><div class="BadgesContainer_productBadges__mIOO1 search-service-productBadges"><div class="badge_style_badgeItem__vUyhV search-service-badgeItem badge_style_offerBadge__g2br1 search-service-offerBadge">%</div><div class="badge_style_organicBadge__kj91r badge_style_badgeItem__vUyhV search-service-organicBadge search-service-badgeItem"></div></div></div><div class="ProductDetailsWrapper_productDetails__7vI_z search-service-productDetails"><div class="ProductDetailsWrapper_partnerName__CqluS search-service-partnerName ProductDetailsWrapper_partnerNameEmpty__c5rTb search-service-partnerNameEmpty"></div><div class="ProductDetailsWrapper_productTitleWrapper__nJ1Fr search-service-productTitleWrapper"><h4 class="ProductDetailsWrapper_productTitle__XjgsA search-service-productTitle" id="13-4337256208628-rewe-online-services|48466001-231011-product-title"><div class="LinesEllipsis  ">REWE Bio Original Nürnberger Rostbratwürstchen 160g<wbr/></div></h4></div><div class="ProductGrammage_productGrammage__fMOJr search-service-productGrammage"><div>160g (1 kg = 18,69 €)</div></div><div class="search-service-productDetailsFill ProductDetailsWrapper_productDetailsFill__TNboB"></div><div><div class="search-service-productOffer DiscountElements_productOffer__Oh1_0"><div class="search-service-productOfferFirstLine DiscountElements_productOfferFirstLine__s4lCO"><div class="search-service-productOfferDuration DiscountElements_productOfferDuration__gRZTl">bis <!-- -->20.04.2024</div></div><div class="search-service-productOfferSecondLine DiscountElements_productOfferSecondLine__7f_Wd"><div class="search-service-productOfferPrice DiscountElements_productOfferPrice__nOtuY">2,99 €</div></div></div></div></div></a></div><div class="search-service-basketButtons Product_basketButtons__SYAkC"><div class="search-service-ProductActions ProductActions_ProductActions__D_l5E"><meso-data data-listingid="13-4337256208628-rewe-online-services|48466001-231011" data-productid="333139" data-orderlimit="15" data-amount="1" data-context="product-list-category"><div class="search-service-addToCartHandlerWrapper Add2CartHandler_addToCartHandlerWrapper__bvELT"><div class="bs_add2cart_container"><div class="bs_shopping_list_wrapper"><div class="lrms-favorite-button-container"></div><script type="application/json" class="favoritebutton-propstore">{"additionalUiData":{"assetBaseUrl":"https://shop.rewe-static.de/rewe-myproducts/b0c5748b220aaf8bd2a2aed167bba4ca9b3027d0","staticAssetBaseUrl":"https://shop.rewe-static.de/rewe-myproducts","favoritesBaseUrl":"/api/favorites","anonymousFavoritesBaseUrl":"/api/anonymousfavorites"},"testgroups":["prefilled-basket-myproducts"],"togglz":[]}</script></div><div class="bs_amount-handler bs_add2cart bs_amount-zero" data-is-initialized="false"><button class="basket-button bs_amount-minus basket_ripple" disabled></button><input type="number" pattern="[0-9]*" value="0" class="basket-input bs_amount-input" autocomplete="off"><button class="basket-button bs_amount-plus basket_ripple" aria-label="Produkt zum Warenkorb hinzufügen"></button></div></div><script type="text/javascript">
                    if (!window.ReweBasket) {
                        window.ReweBasket = {}
                    }
                </script><script type="text/javascript">
                    (function () {
                      var event = 'basket:addToBasketbuttonV2Render';
                      var customEvent;
                      var data = {};
                      if (typeof CustomEvent === 'function') {
                          customEvent = new CustomEvent(event, {detail: data});
                      } else {
                          customEvent = document.createEvent('CustomEvent');
                          customEvent.initCustomEvent(event, false, false, data);
                      }
                      document.dispatchEvent(customEvent);
                    })();
                </script></div></meso-data></div></div></div><div class="search-service-product Product_product__maAwA Product_productSpecialTile__WblB_" aria-labelledby="8-5M1SF0GI-rewe-online-services|48466001-231011-product-title"><div><input type="hidden" name="nan" value="7776274" /><input type="hidden" name="listingId" value="8-5M1SF0GI-rewe-online-services|48466001-231011" /></div><div class="search-service-productDetailsWrapper Product_productDetailsWrapper__bX_s8"><a class="search-service-productDetailsLink Product_productDetailsLink__hXXfb" href="/p/the-vegetarian-butcher-chick-eria-filets-vegan-180g/7776274?source=pl"><div class="search-service-pictureWrapper ProductMediaWrapper_pictureWrapper__ZHKoX"><div class="ProductMediaWrapper_sponsoredBadge__40sCI">Gesponsert</div><div class="search-service-productPicture ProductMediaWrapper_productPicture__OXMYf"><div class="search-service-rsProductsMedia ProductMedia_rsProductsMedia__TgDb_"><picture><source srcSet="https://img.rewe-static.de/7776274/36926707_digital-image.png?resize=152px:152px&amp;output-quality=80&amp;output-format=webp&amp;im=BackgroundColor,color=fffff 152w, https://img.rewe-static.de/7776274/36926707_digital-image.png?resize=304px:304px&amp;output-quality=80&amp;output-format=webp&amp;im=BackgroundColor,color=fffff 304w, https://img.rewe-static.de/7776274/36926707_digital-image.png?resize=456px:456px&amp;output-quality=80&amp;output-format=webp&amp;im=BackgroundColor,color=fffff 456w, https://img.rewe-static.de/7776274/36926707_digital-image.png?resize=88px:88px&amp;output-quality=80&amp;output-format=webp&amp;im=BackgroundColor,color=fffff 88w, https://img.rewe-static.de/7776274/36926707_digital-image.png?resize=176px:176px&amp;output-quality=80&amp;output-format=webp&amp;im=BackgroundColor,color=fffff 176w, https://img.rewe-static.de/7776274/36926707_digital-image.png?resize=264px:264px&amp;output-quality=80&amp;output-format=webp&amp;im=BackgroundColor,color=fffff 264w" sizes="(min-width: 580px) 152px, 88px" type="image/webp" /><source srcSet="https://img.rewe-static.de/7776274/36926707_digital-image.png?resize=152px:152px&amp;output-quality=80&amp;output-format=jpeg2000&amp;im=BackgroundColor,color=fffff 152w, https://img.rewe-static.de/7776274/36926707_digital-image.png?resize=304px:304px&amp;output-quality=80&amp;output-format=jpeg2000&amp;im=BackgroundColor,color=fffff 304w, https://img.rewe-static.de/7776274/36926707_digital-image.png?resize=456px:456px&amp;output-quality=80&amp;output-format=jpeg2000&amp;im=BackgroundColor,color=fffff 456w, https://img.rewe-static.de/7776274/36926707_digital-image.png?resize=88px:88px&amp;output-quality=80&amp;output-format=jpeg2000&amp;im=BackgroundColor,color=fffff 88w, https://img.rewe-static.de/7776274/36926707_digital-image.png?resize=176px:176px&amp;output-quality=80&amp;output-format=jpeg2000&amp;im=BackgroundColor,color=fffff 176w, https://img.rewe-static.de/7776274/36926707_digital-image.png?resize=264px:264px&amp;output-quality=80&amp;output-format=jpeg2000&amp;im=BackgroundColor,color=fffff 264w" sizes="(min-width: 580px) 152px, 88px" type="image/jp2" /><source srcSet="https://img.rewe-static.de/7776274/36926707_digital-image.png?resize=152px:152px&amp;output-quality=80&amp;output-format=jpeg&amp;im=BackgroundColor,color=fffff 152w, https://img.rewe-static.de/7776274/36926707_digital-image.png?resize=304px:304px&amp;output-quality=80&amp;output-format=jpeg&amp;im=BackgroundColor,color=fffff 304w, https://img.rewe-static.de/7776274/36926707_digital-image.png?resize=456px:456px&amp;output-quality=80&amp;output-format=jpeg&amp;im=BackgroundColor,color=fffff 456w, https://img.rewe-static.de/7776274/36926707_digital-image.png?resize=88px:88px&amp;output-quality=80&amp;output-format=jpeg&amp;im=BackgroundColor,color=fffff 88w, https://img.rewe-static.de/7776274/36926707_digital-image.png?resize=176px:176px&amp;output-quality=80&amp;output-format=jpeg&amp;im=BackgroundColor,color=fffff 176w, https://img.rewe-static.de/7776274/36926707_digital-image.png?resize=264px:264px&amp;output-quality=80&amp;output-format=jpeg&amp;im=BackgroundColor,color=fffff 264w" sizes="(min-width: 580px) 152px, 88px" /><img src="https://img.rewe-static.de/7776274/36926707_digital-image.png?resize=152px:152px&amp;output-quality=80&amp;output-format=jpeg&amp;im=BackgroundColor,color=fffff" width="152" height="152" alt="The Vegetarian Butcher Chick-Eria Filets vegan 180g" /></picture></div></div><div class="BadgesContainer_productBadges__mIOO1 search-service-productBadges"></div></div><div class="ProductDetailsWrapper_productDetails__7vI_z search-service-productDetails"><div class="ProductDetailsWrapper_partnerName__CqluS search-service-partnerName ProductDetailsWrapper_partnerNameEmpty__c5rTb search-service-partnerNameEmpty"></div><div class="ProductDetailsWrapper_productTitleWrapper__nJ1Fr search-service-productTitleWrapper"><h4 class="ProductDetailsWrapper_productTitle__XjgsA search-service-productTitle" id="8-5M1SF0GI-rewe-online-services|48466001-231011-product-title"><div class="LinesEllipsis  ">The Vegetarian Butcher Chick-Eria Filets vegan 180g<wbr/></div></h4></div><div class="ProductGrammage_productGrammage__fMOJr search-service-productGrammage"><div>180g (1 kg = 19,39 €)</div></div><div class="search-service-productDetailsFill ProductDetailsWrapper_productDetailsFill__TNboB"></div><div><div class="search-service-productPrice ProductPriceDisplay_productPrice__pqWxK">3,49 €</div></div></div></a></div><div class="search-service-basketButtons Product_basketButtons__SYAkC"><div class="search-service-ProductActions ProductActions_ProductActions__D_l5E"><meso-data data-listingid="8-5M1SF0GI-rewe-online-services|48466001-231011" data-productid="7776274" data-orderlimit="99" data-amount="1" data-context="product-list-category"><div class="search-service-addToCartHandlerWrapper Add2CartHandler_addToCartHandlerWrapper__bvELT"><div class="bs_add2cart_container"><div class="bs_shopping_list_wrapper"><div class="lrms-favorite-button-container"></div><script type="application/json" class="favoritebutton-propstore">{"additionalUiData":{"assetBaseUrl":"https://shop.rewe-static.de/rewe-myproducts/b0c5748b220aaf8bd2a2aed167bba4ca9b3027d0","staticAssetBaseUrl":"https://shop.rewe-static.de/rewe-myproducts","favoritesBaseUrl":"/api/favorites","anonymousFavoritesBaseUrl":"/api/anonymousfavorites"},"testgroups":["prefilled-basket-myproducts"],"togglz":[]}</script></div><div class="bs_amount-handler bs_add2cart bs_amount-zero" data-is-initialized="false"><button class="basket-button bs_amount-minus basket_ripple" disabled></button><input type="number" pattern="[0-9]*" value="0" class="basket-input bs_amount-input" autocomplete="off"><button class="basket-button bs_amount-plus basket_ripple" aria-label="Produkt zum Warenkorb hinzufügen"></button></div></div><script type="text/javascript">
                    if (!window.ReweBasket) {
                        window.ReweBasket = {}
                    }
                </script><script type="text/javascript">
                    (function () {
                      var event = 'basket:addToBasketbuttonV2Render';
                      var customEvent;
                      var data = {};
                      if (typeof CustomEvent === 'function') {
                          customEvent = new CustomEvent(event, {detail: data});
                      } else {
                          customEvent = document.createEvent('CustomEvent');
                          customEvent.initCustomEvent(event, false, false, data);
                      }
                      document.dispatchEvent(customEvent);
                    })();
                </script></div></meso-data></div></div></div><div class="search-service-product Product_product__maAwA Product_productSpecialTile__WblB_" aria-labelledby="13-8710522887165-rewe-online-services|48466001-231011-product-title"><div><input type="hidden" name="nan" value="8523840" /><input type="hidden" name="listingId" value="13-8710522887165-rewe-online-services|48466001-231011" /></div><div class="search-service-productDetailsWrapper Product_productDetailsWrapper__bX_s8"><a class="search-service-productDetailsLink Product_productDetailsLink__hXXfb" href="/p/the-vegetarian-butcher-veganes-hick-hack-hurra-180g/8523840?source=pl"><div class="search-service-pictureWrapper ProductMediaWrapper_pictureWrapper__ZHKoX"><div class="ProductMediaWrapper_sponsoredBadge__40sCI">Gesponsert</div><div class="search-service-productPicture ProductMediaWrapper_productPicture__OXMYf"><div class="search-service-rsProductsMedia ProductMedia_rsProductsMedia__TgDb_"><picture><source srcSet="https://img.rewe-static.de/8523840/31812000_digital-image.png?resize=152px:152px&amp;output-quality=80&amp;output-format=webp&amp;im=BackgroundColor,color=fffff 152w, https://img.rewe-static.de/8523840/31812000_digital-image.png?resize=304px:304px&amp;output-quality=80&amp;output-format=webp&amp;im=BackgroundColor,color=fffff 304w, https://img.rewe-static.de/8523840/31812000_digital-image.png?resize=456px:456px&amp;output-quality=80&amp;output-format=webp&amp;im=BackgroundColor,color=fffff 456w, https://img.rewe-static.de/8523840/31812000_digital-image.png?resize=88px:88px&amp;output-quality=80&amp;output-format=webp&amp;im=BackgroundColor,color=fffff 88w, https://img.rewe-static.de/8523840/31812000_digital-image.png?resize=176px:176px&amp;output-quality=80&amp;output-format=webp&amp;im=BackgroundColor,color=fffff 176w, https://img.rewe-static.de/8523840/31812000_digital-image.png?resize=264px:264px&amp;output-quality=80&amp;output-format=webp&amp;im=BackgroundColor,color=fffff 264w" sizes="(min-width: 580px) 152px, 88px" type="image/webp" /><source srcSet="https://img.rewe-static.de/8523840/31812000_digital-image.png?resize=152px:152px&amp;output-quality=80&amp;output-format=jpeg2000&amp;im=BackgroundColor,color=fffff 152w, https://img.rewe-static.de/8523840/31812000_digital-image.png?resize=304px:304px&amp;output-quality=80&amp;output-format=jpeg2000&amp;im=BackgroundColor,color=fffff 304w, https://img.rewe-static.de/8523840/31812000_digital-image.png?resize=456px:456px&amp;output-quality=80&amp;output-format=jpeg2000&amp;im=BackgroundColor,color=fffff 456w, https://img.rewe-static.de/8523840/31812000_digital-image.png?resize=88px:88px&amp;output-quality=80&amp;output-format=jpeg2000&amp;im=BackgroundColor,color=fffff 88w, https://img.rewe-static.de/8523840/31812000_digital-image.png?resize=176px:176px&amp;output-quality=80&amp;output-format=jpeg2000&amp;im=BackgroundColor,color=fffff 176w, https://img.rewe-static.de/8523840/31812000_digital-image.png?resize=264px:264px&amp;output-quality=80&amp;output-format=jpeg2000&amp;im=BackgroundColor,color=fffff 264w" sizes="(min-width: 580px) 152px, 88px" type="image/jp2" /><source srcSet="https://img.rewe-static.de/8523840/31812000_digital-image.png?resize=152px:152px&amp;output-quality=80&amp;output-format=jpeg&amp;im=BackgroundColor,color=fffff 152w, https://img.rewe-static.de/8523840/31812000_digital-image.png?resize=304px:304px&amp;output-quality=80&amp;output-format=jpeg&amp;im=BackgroundColor,color=fffff 304w, https://img.rewe-static.de/8523840/31812000_digital-image.png?resize=456px:456px&amp;output-quality=80&amp;output-format=jpeg&amp;im=BackgroundColor,color=fffff 456w, https://img.rewe-static.de/8523840/31812000_digital-image.png?resize=88px:88px&amp;output-quality=80&amp;output-format=jpeg&amp;im=BackgroundColor,color=fffff 88w, https://img.rewe-static.de/8523840/31812000_digital-image.png?resize=176px:176px&amp;output-quality=80&amp;output-format=jpeg&amp;im=BackgroundColor,color=fffff 176w, https://img.rewe-static.de/8523840/31812000_digital-image.png?resize=264px:264px&amp;output-quality=80&amp;output-format=jpeg&amp;im=BackgroundColor,color=fffff 264w" sizes="(min-width: 580px) 152px, 88px" /><img src="https://img.rewe-static.de/8523840/31812000_digital-image.png?resize=152px:152px&amp;output-quality=80&amp;output-format=jpeg&amp;im=BackgroundColor,color=fffff" width="152" height="152" alt="The Vegetarian Butcher Veganes Hick-Hack-Hurra 180g" /></picture></div></div><div class="BadgesContainer_productBadges__mIOO1 search-service-productBadges"></div></div><div class="ProductDetailsWrapper_productDetails__7vI_z search-service-productDetails"><div class="ProductDetailsWrapper_partnerName__CqluS search-service-partnerName ProductDetailsWrapper_partnerNameEmpty__c5rTb search-service-partnerNameEmpty"></div><div class="ProductDetailsWrapper_productTitleWrapper__nJ1Fr search-service-productTitleWrapper"><h4 class="ProductDetailsWrapper_productTitle__XjgsA search-service-productTitle" id="13-8710522887165-rewe-online-services|48466001-231011-product-title"><div class="LinesEllipsis  ">The Vegetarian Butcher Veganes Hick-Hack-Hurra 180g<wbr/></div></h4></div><div class="ProductGrammage_productGrammage__fMOJr search-service-productGrammage"><div>180g (1 kg = 18,28 €)</div></div><div class="search-service-productDetailsFill ProductDetailsWrapper_productDetailsFill__TNboB"></div><div><div class="search-service-productPrice ProductPriceDisplay_productPrice__pqWxK">3,29 €</div></div></div></a></div><div class="search-service-basketButtons Product_basketButtons__SYAkC"><div class="search-service-ProductActions ProductActions_ProductActions__D_l5E"><meso-data data-listingid="13-8710522887165-rewe-online-services|48466001-231011" data-productid="8523840" data-orderlimit="99" data-amount="1" data-context="product-list-category"><div class="search-service-addToCartHandlerWrapper Add2CartHandler_addToCartHandlerWrapper__bvELT"><div class="bs_add2cart_container"><div class="bs_shopping_list_wrapper"><div class="lrms-favorite-button-container"></div><script type="application/json" class="favoritebutton-propstore">{"additionalUiData":{"assetBaseUrl":"https://shop.rewe-static.de/rewe-myproducts/b0c5748b220aaf8bd2a2aed167bba4ca9b3027d0","staticAssetBaseUrl":"https://shop.rewe-static.de/rewe-myproducts","favoritesBaseUrl":"/api/favorites","anonymousFavoritesBaseUrl":"/api/anonymousfavorites"},"testgroups":["prefilled-basket-myproducts"],"togglz":[]}</script></div><div class="bs_amount-handler bs_add2cart bs_amount-zero" data-is-initialized="false"><button class="basket-button bs_amount-minus basket_ripple" disabled></button><input type="number" pattern="[0-9]*" value="0" class="basket-input bs_amount-input" autocomplete="off"><button class="basket-button bs_amount-plus basket_ripple" aria-label="Produkt zum Warenkorb hinzufügen"></button></div></div><script type="text/javascript">
                    if (!window.ReweBasket) {
                        window.ReweBasket = {}
                    }
                </script><script type="text/javascript">
                    (function () {
                      var event = 'basket:addToBasketbuttonV2Render';
                      var customEvent;
                      var data = {};
                      if (typeof CustomEvent === 'function') {
                          customEvent = new CustomEvent(event, {detail: data});
                      } else {
                          customEvent = document.createEvent('CustomEvent');
                          customEvent.initCustomEvent(event, false, false, data);
                      }
                      document.dispatchEvent(customEvent);
                    })();
                </script></div></meso-data></div></div></div><div class="search-service-product Product_product__maAwA" aria-labelledby="8-UKGG3X00-rewe-online-services|48466001-231011-product-title"><div><input type="hidden" name="nan" value="135750" /><input type="hidden" name="listingId" value="8-UKGG3X00-rewe-online-services|48466001-231011" /></div><div class="search-service-productDetailsWrapper Product_productDetailsWrapper__bX_s8"><a class="search-service-productDetailsLink Product_productDetailsLink__hXXfb" href="/p/rewe-beste-wahl-delikatess-gourmetsalami-80g/135750"><div class="search-service-pictureWrapper ProductMediaWrapper_pictureWrapper__ZHKoX"><div class="search-service-productPicture ProductMediaWrapper_productPicture__OXMYf"><div class="search-service-rsProductsMedia ProductMedia_rsProductsMedia__TgDb_"><picture><source srcSet="https://img.rewe-static.de/0135750/20796792_digital-image.png?resize=152px:152px&amp;output-quality=80&amp;output-format=webp&amp;im=BackgroundColor,color=fffff 152w, https://img.rewe-static.de/0135750/20796792_digital-image.png?resize=304px:304px&amp;output-quality=80&amp;output-format=webp&amp;im=BackgroundColor,color=fffff 304w, https://img.rewe-static.de/0135750/20796792_digital-image.png?resize=456px:456px&amp;output-quality=80&amp;output-format=webp&amp;im=BackgroundColor,color=fffff 456w, https://img.rewe-static.de/0135750/20796792_digital-image.png?resize=88px:88px&amp;output-quality=80&amp;output-format=webp&amp;im=BackgroundColor,color=fffff 88w, https://img.rewe-static.de/0135750/20796792_digital-image.png?resize=176px:176px&amp;output-quality=80&amp;output-format=webp&amp;im=BackgroundColor,color=fffff 176w, https://img.rewe-static.de/0135750/20796792_digital-image.png?resize=264px:264px&amp;output-quality=80&amp;output-format=webp&amp;im=BackgroundColor,color=fffff 264w" sizes="(min-width: 580px) 152px, 88px" type="image/webp" /><source srcSet="https://img.rewe-static.de/0135750/20796792_digital-image.png?resize=152px:152px&amp;output-quality=80&amp;output-format=jpeg2000&amp;im=BackgroundColor,color=fffff 152w, https://img.rewe-static.de/0135750/20796792_digital-image.png?resize=304px:304px&amp;output-quality=80&amp;output-format=jpeg2000&amp;im=BackgroundColor,color=fffff 304w, https://img.rewe-static.de/0135750/20796792_digital-image.png?resize=456px:456px&amp;output-quality=80&amp;output-format=jpeg2000&amp;im=BackgroundColor,color=fffff 456w, https://img.rewe-static.de/0135750/20796792_digital-image.png?resize=88px:88px&amp;output-quality=80&amp;output-format=jpeg2000&amp;im=BackgroundColor,color=fffff 88w, https://img.rewe-static.de/0135750/20796792_digital-image.png?resize=176px:176px&amp;output-quality=80&amp;output-format=jpeg2000&amp;im=BackgroundColor,color=fffff 176w, https://img.rewe-static.de/0135750/20796792_digital-image.png?resize=264px:264px&amp;output-quality=80&amp;output-format=jpeg2000&amp;im=BackgroundColor,color=fffff 264w" sizes="(min-width: 580px) 152px, 88px" type="image/jp2" /><source srcSet="https://img.rewe-static.de/0135750/20796792_digital-image.png?resize=152px:152px&amp;output-quality=80&amp;output-format=jpeg&amp;im=BackgroundColor,color=fffff 152w, https://img.rewe-static.de/0135750/20796792_digital-image.png?resize=304px:304px&amp;output-quality=80&amp;output-format=jpeg&amp;im=BackgroundColor,color=fffff 304w, https://img.rewe-static.de/0135750/20796792_digital-image.png?resize=456px:456px&amp;output-quality=80&amp;output-format=jpeg&amp;im=BackgroundColor,color=fffff 456w, https://img.rewe-static.de/0135750/20796792_digital-image.png?resize=88px:88px&amp;output-quality=80&amp;output-format=jpeg&amp;im=BackgroundColor,color=fffff 88w, https://img.rewe-static.de/0135750/20796792_digital-image.png?resize=176px:176px&amp;output-quality=80&amp;output-format=jpeg&amp;im=BackgroundColor,color=fffff 176w, https://img.rewe-static.de/0135750/20796792_digital-image.png?resize=264px:264px&amp;output-quality=80&amp;output-format=jpeg&amp;im=BackgroundColor,color=fffff 264w" sizes="(min-width: 580px) 152px, 88px" /><img src="https://img.rewe-static.de/0135750/20796792_digital-image.png?resize=152px:152px&amp;output-quality=80&amp;output-format=jpeg&amp;im=BackgroundColor,color=fffff" width="152" height="152" alt="REWE Beste Wahl Delikatess-Gourmetsalami 80g" /></picture></div></div><div class="BadgesContainer_productBadges__mIOO1 search-service-productBadges"><div class="badge_style_badgeItem__vUyhV search-service-badgeItem badge_style_offerBadge__g2br1 search-service-offerBadge">%</div></div></div><div class="ProductDetailsWrapper_productDetails__7vI_z search-service-productDetails"><div class="ProductDetailsWrapper_partnerName__CqluS search-service-partnerName ProductDetailsWrapper_partnerNameEmpty__c5rTb search-service-partnerNameEmpty"></div><div class="ProductDetailsWrapper_productTitleWrapper__nJ1Fr search-service-productTitleWrapper"><h4 class="ProductDetailsWrapper_productTitle__XjgsA search-service-productTitle" id="8-UKGG3X00-rewe-online-services|48466001-231011-product-title"><div class="LinesEllipsis  ">REWE Beste Wahl Delikatess-Gourmetsalami 80g<wbr/></div></h4></div><div class="ProductGrammage_productGrammage__fMOJr search-service-productGrammage"><div>80g (1 kg = 19,88 €)</div></div><div class="search-service-productDetailsFill ProductDetailsWrapper_productDetailsFill__TNboB"></div><div><div class="search-service-productOffer DiscountElements_productOffer__Oh1_0"><div class="search-service-productOfferFirstLine DiscountElements_productOfferFirstLine__s4lCO"><div class="search-service-productOfferDuration DiscountElements_productOfferDuration__gRZTl">bis <!-- -->20.04.2024</div></div><div class="search-service-productOfferSecondLine DiscountElements_productOfferSecondLine__7f_Wd"><div class="search-service-productOfferPrice DiscountElements_productOfferPrice__nOtuY">1,59 €</div></div></div></div></div></a></div><div class="search-service-basketButtons Product_basketButtons__SYAkC"><div class="search-service-ProductActions ProductActions_ProductActions__D_l5E"><meso-data data-listingid="8-UKGG3X00-rewe-online-services|48466001-231011" data-productid="135750" data-orderlimit="15" data-amount="1" data-context="product-list-category"><div class="search-service-addToCartHandlerWrapper Add2CartHandler_addToCartHandlerWrapper__bvELT"><div class="bs_add2cart_container"><div class="bs_shopping_list_wrapper"><div class="lrms-favorite-button-container"></div><script type="application/json" class="favoritebutton-propstore">{"additionalUiData":{"assetBaseUrl":"https://shop.rewe-static.de/rewe-myproducts/b0c5748b220aaf8bd2a2aed167bba4ca9b3027d0","staticAssetBaseUrl":"https://shop.rewe-static.de/rewe-myproducts","favoritesBaseUrl":"/api/favorites","anonymousFavoritesBaseUrl":"/api/anonymousfavorites"},"testgroups":["prefilled-basket-myproducts"],"togglz":[]}</script></div><div class="bs_amount-handler bs_add2cart bs_amount-zero" data-is-initialized="false"><button class="basket-button bs_amount-minus basket_ripple" disabled></button><input type="number" pattern="[0-9]*" value="0" class="basket-input bs_amount-input" autocomplete="off"><button class="basket-button bs_amount-plus basket_ripple" aria-label="Produkt zum Warenkorb hinzufügen"></button></div></div><script type="text/javascript">
                    if (!window.ReweBasket) {
                        window.ReweBasket = {}
                    }
                </script><script type="text/javascript">
                    (function () {
                      var event = 'basket:addToBasketbuttonV2Render';
                      var customEvent;
                      var data = {};
                      if (typeof CustomEvent === 'function') {
                          customEvent = new CustomEvent(event, {detail: data});
                      } else {
                          customEvent = document.createEvent('CustomEvent');
                          customEvent.initCustomEvent(event, false, false, data);
                      }
                      document.dispatchEvent(customEvent);
                    })();
                </script></div></meso-data></div></div></div><div class="search-service-product Product_product__maAwA Product_productSpecialTile__WblB_" aria-labelledby="8-YV4ZAAU4-rewe-online-services|48466001-231011-product-title"><div><input type="hidden" name="nan" value="8635566" /><input type="hidden" name="listingId" value="8-YV4ZAAU4-rewe-online-services|48466001-231011" /></div><div class="search-service-productDetailsWrapper Product_productDetailsWrapper__bX_s8"><a class="search-service-productDetailsLink Product_productDetailsLink__hXXfb" href="/p/the-vegetarian-butcher-crispy-chickimicki-burger-vegan-180g/8635566?source=pl"><div class="search-service-pictureWrapper ProductMediaWrapper_pictureWrapper__ZHKoX"><div class="ProductMediaWrapper_sponsoredBadge__40sCI">Gesponsert</div><div class="search-service-productPicture ProductMediaWrapper_productPicture__OXMYf"><div class="search-service-rsProductsMedia ProductMedia_rsProductsMedia__TgDb_"><picture><source srcSet="https://img.rewe-static.de/8635566/34397448_digital-image.png?resize=152px:152px&amp;output-quality=80&amp;output-format=webp&amp;im=BackgroundColor,color=fffff 152w, https://img.rewe-static.de/8635566/34397448_digital-image.png?resize=304px:304px&amp;output-quality=80&amp;output-format=webp&amp;im=BackgroundColor,color=fffff 304w, https://img.rewe-static.de/8635566/34397448_digital-image.png?resize=456px:456px&amp;output-quality=80&amp;output-format=webp&amp;im=BackgroundColor,color=fffff 456w, https://img.rewe-static.de/8635566/34397448_digital-image.png?resize=88px:88px&amp;output-quality=80&amp;output-format=webp&amp;im=BackgroundColor,color=fffff 88w, https://img.rewe-static.de/8635566/34397448_digital-image.png?resize=176px:176px&amp;output-quality=80&amp;output-format=webp&amp;im=BackgroundColor,color=fffff 176w, https://img.rewe-static.de/8635566/34397448_digital-image.png?resize=264px:264px&amp;output-quality=80&amp;output-format=webp&amp;im=BackgroundColor,color=fffff 264w" sizes="(min-width: 580px) 152px, 88px" type="image/webp" /><source srcSet="https://img.rewe-static.de/8635566/34397448_digital-image.png?resize=152px:152px&amp;output-quality=80&amp;output-format=jpeg2000&amp;im=BackgroundColor,color=fffff 152w, https://img.rewe-static.de/8635566/34397448_digital-image.png?resize=304px:304px&amp;output-quality=80&amp;output-format=jpeg2000&amp;im=BackgroundColor,color=fffff 304w, https://img.rewe-static.de/8635566/34397448_digital-image.png?resize=456px:456px&amp;output-quality=80&amp;output-format=jpeg2000&amp;im=BackgroundColor,color=fffff 456w, https://img.rewe-static.de/8635566/34397448_digital-image.png?resize=88px:88px&amp;output-quality=80&amp;output-format=jpeg2000&amp;im=BackgroundColor,color=fffff 88w, https://img.rewe-static.de/8635566/34397448_digital-image.png?resize=176px:176px&amp;output-quality=80&amp;output-format=jpeg2000&amp;im=BackgroundColor,color=fffff 176w, https://img.rewe-static.de/8635566/34397448_digital-image.png?resize=264px:264px&amp;output-quality=80&amp;output-format=jpeg2000&amp;im=BackgroundColor,color=fffff 264w" sizes="(min-width: 580px) 152px, 88px" type="image/jp2" /><source srcSet="https://img.rewe-static.de/8635566/34397448_digital-image.png?resize=152px:152px&amp;output-quality=80&amp;output-format=jpeg&amp;im=BackgroundColor,color=fffff 152w, https://img.rewe-static.de/8635566/34397448_digital-image.png?resize=304px:304px&amp;output-quality=80&amp;output-format=jpeg&amp;im=BackgroundColor,color=fffff 304w, https://img.rewe-static.de/8635566/34397448_digital-image.png?resize=456px:456px&amp;output-quality=80&amp;output-format=jpeg&amp;im=BackgroundColor,color=fffff 456w, https://img.rewe-static.de/8635566/34397448_digital-image.png?resize=88px:88px&amp;output-quality=80&amp;output-format=jpeg&amp;im=BackgroundColor,color=fffff 88w, https://img.rewe-static.de/8635566/34397448_digital-image.png?resize=176px:176px&amp;output-quality=80&amp;output-format=jpeg&amp;im=BackgroundColor,color=fffff 176w, https://img.rewe-static.de/8635566/34397448_digital-image.png?resize=264px:264px&amp;output-quality=80&amp;output-format=jpeg&amp;im=BackgroundColor,color=fffff 264w" sizes="(min-width: 580px) 152px, 88px" /><img src="https://img.rewe-static.de/8635566/34397448_digital-image.png?resize=152px:152px&amp;output-quality=80&amp;output-format=jpeg&amp;im=BackgroundColor,color=fffff" width="152" height="152" alt="The Vegetarian Butcher Crispy Chickimicki Burger vegan 180g" /></picture></div></div><div class="BadgesContainer_productBadges__mIOO1 search-service-productBadges"><div class="badge_style_badgeItem__vUyhV search-service-badgeItem badge_style_offerBadge__g2br1 search-service-offerBadge">%</div></div></div><div class="ProductDetailsWrapper_productDetails__7vI_z search-service-productDetails"><div class="ProductDetailsWrapper_partnerName__CqluS search-service-partnerName ProductDetailsWrapper_partnerNameEmpty__c5rTb search-service-partnerNameEmpty"></div><div class="ProductDetailsWrapper_productTitleWrapper__nJ1Fr search-service-productTitleWrapper"><h4 class="ProductDetailsWrapper_productTitle__XjgsA search-service-productTitle" id="8-YV4ZAAU4-rewe-online-services|48466001-231011-product-title"><div class="LinesEllipsis  ">The Vegetarian Butcher Crispy Chickimicki Burger vegan 180g<wbr/></div></h4></div><div class="ProductGrammage_productGrammage__fMOJr search-service-productGrammage"><div>180g (1 kg = 15,50 €)</div></div><div class="search-service-productDetailsFill ProductDetailsWrapper_productDetailsFill__TNboB"></div><div><div class="search-service-productOffer DiscountElements_productOffer__Oh1_0"><div class="search-service-productOfferFirstLine DiscountElements_productOfferFirstLine__s4lCO"><div class="search-service-productOfferDuration DiscountElements_productOfferDuration__gRZTl">bis <!-- -->20.04.2024</div></div><div class="search-service-productOfferSecondLine DiscountElements_productOfferSecondLine__7f_Wd"><div class="search-service-productOfferPrice DiscountElements_productOfferPrice__nOtuY">2,79 €</div></div></div></div></div></a></div><div class="search-service-basketButtons Product_basketButtons__SYAkC"><div class="search-service-ProductActions ProductActions_ProductActions__D_l5E"><meso-data data-listingid="8-YV4ZAAU4-rewe-online-services|48466001-231011" data-productid="8635566" data-orderlimit="15" data-amount="1" data-context="product-list-category"><div class="search-service-addToCartHandlerWrapper Add2CartHandler_addToCartHandlerWrapper__bvELT"><div class="bs_add2cart_container"><div class="bs_shopping_list_wrapper"><div class="lrms-favorite-button-container"></div><script type="application/json" class="favoritebutton-propstore">{"additionalUiData":{"assetBaseUrl":"https://shop.rewe-static.de/rewe-myproducts/b0c5748b220aaf8bd2a2aed167bba4ca9b3027d0","staticAssetBaseUrl":"https://shop.rewe-static.de/rewe-myproducts","favoritesBaseUrl":"/api/favorites","anonymousFavoritesBaseUrl":"/api/anonymousfavorites"},"testgroups":["prefilled-basket-myproducts"],"togglz":[]}</script></div><div class="bs_amount-handler bs_add2cart bs_amount-zero" data-is-initialized="false"><button class="basket-button bs_amount-minus basket_ripple" disabled></button><input type="number" pattern="[0-9]*" value="0" class="basket-input bs_amount-input" autocomplete="off"><button class="basket-button bs_amount-plus basket_ripple" aria-label="Produkt zum Warenkorb hinzufügen"></button></div></div><script type="text/javascript">
                    if (!window.ReweBasket) {
                        window.ReweBasket = {}
                    }
                </script><script type="text/javascript">
                    (function () {
                      var event = 'basket:addToBasketbuttonV2Render';
                      var customEvent;
                      var data = {};
                      if (typeof CustomEvent === 'function') {
                          customEvent = new CustomEvent(event, {detail: data});
                      } else {
                          customEvent = document.createEvent('CustomEvent');
                          customEvent.initCustomEvent(event, false, false, data);
                      }
                      document.dispatchEvent(customEvent);
                    })();
                </script></div></meso-data></div></div></div><div class="search-service-product Product_product__maAwA Product_productSpecialTile__WblB_" aria-labelledby="13-8718692788190-rewe-online-services|48466001-231011-product-title"><div><input type="hidden" name="nan" value="8403429" /><input type="hidden" name="listingId" value="13-8718692788190-rewe-online-services|48466001-231011" /></div><div class="search-service-productDetailsWrapper Product_productDetailsWrapper__bX_s8"><a class="search-service-productDetailsLink Product_productDetailsLink__hXXfb" href="/p/the-vegetarian-butcher-vegane-befluegel-nuggets-180g/8403429?source=pl"><div class="search-service-pictureWrapper ProductMediaWrapper_pictureWrapper__ZHKoX"><div class="ProductMediaWrapper_sponsoredBadge__40sCI">Gesponsert</div><div class="search-service-productPicture ProductMediaWrapper_productPicture__OXMYf"><div class="search-service-rsProductsMedia ProductMedia_rsProductsMedia__TgDb_"><picture><source srcSet="https://img.rewe-static.de/8403429/30699050_digital-image.png?resize=152px:152px&amp;output-quality=80&amp;output-format=webp&amp;im=BackgroundColor,color=fffff 152w, https://img.rewe-static.de/8403429/30699050_digital-image.png?resize=304px:304px&amp;output-quality=80&amp;output-format=webp&amp;im=BackgroundColor,color=fffff 304w, https://img.rewe-static.de/8403429/30699050_digital-image.png?resize=456px:456px&amp;output-quality=80&amp;output-format=webp&amp;im=BackgroundColor,color=fffff 456w, https://img.rewe-static.de/8403429/30699050_digital-image.png?resize=88px:88px&amp;output-quality=80&amp;output-format=webp&amp;im=BackgroundColor,color=fffff 88w, https://img.rewe-static.de/8403429/30699050_digital-image.png?resize=176px:176px&amp;output-quality=80&amp;output-format=webp&amp;im=BackgroundColor,color=fffff 176w, https://img.rewe-static.de/8403429/30699050_digital-image.png?resize=264px:264px&amp;output-quality=80&amp;output-format=webp&amp;im=BackgroundColor,color=fffff 264w" sizes="(min-width: 580px) 152px, 88px" type="image/webp" /><source srcSet="https://img.rewe-static.de/8403429/30699050_digital-image.png?resize=152px:152px&amp;output-quality=80&amp;output-format=jpeg2000&amp;im=BackgroundColor,color=fffff 152w, https://img.rewe-static.de/8403429/30699050_digital-image.png?resize=304px:304px&amp;output-quality=80&amp;output-format=jpeg2000&amp;im=BackgroundColor,color=fffff 304w, https://img.rewe-static.de/8403429/30699050_digital-image.png?resize=456px:456px&amp;output-quality=80&amp;output-format=jpeg2000&amp;im=BackgroundColor,color=fffff 456w, https://img.rewe-static.de/8403429/30699050_digital-image.png?resize=88px:88px&amp;output-quality=80&amp;output-format=jpeg2000&amp;im=BackgroundColor,color=fffff 88w, https://img.rewe-static.de/8403429/30699050_digital-image.png?resize=176px:176px&amp;output-quality=80&amp;output-format=jpeg2000&amp;im=BackgroundColor,color=fffff 176w, https://img.rewe-static.de/8403429/30699050_digital-image.png?resize=264px:264px&amp;output-quality=80&amp;output-format=jpeg2000&amp;im=BackgroundColor,color=fffff 264w" sizes="(min-width: 580px) 152px, 88px" type="image/jp2" /><source srcSet="https://img.rewe-static.de/8403429/30699050_digital-image.png?resize=152px:152px&amp;output-quality=80&amp;output-format=jpeg&amp;im=BackgroundColor,color=fffff 152w, https://img.rewe-static.de/8403429/30699050_digital-image.png?resize=304px:304px&amp;output-quality=80&amp;output-format=jpeg&amp;im=BackgroundColor,color=fffff 304w, https://img.rewe-static.de/8403429/30699050_digital-image.png?resize=456px:456px&amp;output-quality=80&amp;output-format=jpeg&amp;im=BackgroundColor,color=fffff 456w, https://img.rewe-static.de/8403429/30699050_digital-image.png?resize=88px:88px&amp;output-quality=80&amp;output-format=jpeg&amp;im=BackgroundColor,color=fffff 88w, https://img.rewe-static.de/8403429/30699050_digital-image.png?resize=176px:176px&amp;output-quality=80&amp;output-format=jpeg&amp;im=BackgroundColor,color=fffff 176w, https://img.rewe-static.de/8403429/30699050_digital-image.png?resize=264px:264px&amp;output-quality=80&amp;output-format=jpeg&amp;im=BackgroundColor,color=fffff 264w" sizes="(min-width: 580px) 152px, 88px" /><img src="https://img.rewe-static.de/8403429/30699050_digital-image.png?resize=152px:152px&amp;output-quality=80&amp;output-format=jpeg&amp;im=BackgroundColor,color=fffff" width="152" height="152" alt="The Vegetarian Butcher Vegane Beflügel-Nuggets 180g" /></picture></div></div><div class="BadgesContainer_productBadges__mIOO1 search-service-productBadges"></div></div><div class="ProductDetailsWrapper_productDetails__7vI_z search-service-productDetails"><div class="ProductDetailsWrapper_partnerName__CqluS search-service-partnerName ProductDetailsWrapper_partnerNameEmpty__c5rTb search-service-partnerNameEmpty"></div><div class="ProductDetailsWrapper_productTitleWrapper__nJ1Fr search-service-productTitleWrapper"><h4 class="ProductDetailsWrapper_productTitle__XjgsA search-service-productTitle" id="13-8718692788190-rewe-online-services|48466001-231011-product-title"><div class="LinesEllipsis  ">The Vegetarian Butcher Vegane Beflügel-Nuggets 180g<wbr/></div></h4></div><div class="ProductGrammage_productGrammage__fMOJr search-service-productGrammage"><div>180g (1 kg = 18,28 €)</div></div><div class="search-service-productDetailsFill ProductDetailsWrapper_productDetailsFill__TNboB"></div><div><div class="search-service-productPrice ProductPriceDisplay_productPrice__pqWxK">3,29 €</div></div></div></a></div><div class="search-service-basketButtons Product_basketButtons__SYAkC"><div class="search-service-ProductActions ProductActions_ProductActions__D_l5E"><meso-data data-listingid="13-8718692788190-rewe-online-services|48466001-231011" data-productid="8403429" data-orderlimit="99" data-amount="1" data-context="product-list-category"><div class="search-service-addToCartHandlerWrapper Add2CartHandler_addToCartHandlerWrapper__bvELT"><div class="bs_add2cart_container"><div class="bs_shopping_list_wrapper"><div class="lrms-favorite-button-container"></div><script type="application/json" class="favoritebutton-propstore">{"additionalUiData":{"assetBaseUrl":"https://shop.rewe-static.de/rewe-myproducts/b0c5748b220aaf8bd2a2aed167bba4ca9b3027d0","staticAssetBaseUrl":"https://shop.rewe-static.de/rewe-myproducts","favoritesBaseUrl":"/api/favorites","anonymousFavoritesBaseUrl":"/api/anonymousfavorites"},"testgroups":["prefilled-basket-myproducts"],"togglz":[]}</script></div><div class="bs_amount-handler bs_add2cart bs_amount-zero" data-is-initialized="false"><button class="basket-button bs_amount-minus basket_ripple" disabled></button><input type="number" pattern="[0-9]*" value="0" class="basket-input bs_amount-input" autocomplete="off"><button class="basket-button bs_amount-plus basket_ripple" aria-label="Produkt zum Warenkorb hinzufügen"></button></div></div><script type="text/javascript">
                    if (!window.ReweBasket) {
                        window.ReweBasket = {}
                    }
                </script><script type="text/javascript">
                    (function () {
                      var event = 'basket:addToBasketbuttonV2Render';
                      var customEvent;
                      var data = {};
                      if (typeof CustomEvent === 'function') {
                          customEvent = new CustomEvent(event, {detail: data});
                      } else {
                          customEvent = document.createEvent('CustomEvent');
                          customEvent.initCustomEvent(event, false, false, data);
                      }
                      document.dispatchEvent(customEvent);
                    })();
                </script></div></meso-data></div></div></div><div class="search-service-product Product_product__maAwA Product_productSpecialTile__WblB_" aria-labelledby="13-8718692788107-rewe-online-services|48466001-231011-product-title"><div><input type="hidden" name="nan" value="7937621" /><input type="hidden" name="listingId" value="13-8718692788107-rewe-online-services|48466001-231011" /></div><div class="search-service-productDetailsWrapper Product_productDetailsWrapper__bX_s8"><a class="search-service-productDetailsLink Product_productDetailsLink__hXXfb" href="/p/the-vegetarian-butcher-vegane-chickeriki-streifen-160g/7937621?source=pl"><div class="search-service-pictureWrapper ProductMediaWrapper_pictureWrapper__ZHKoX"><div class="ProductMediaWrapper_sponsoredBadge__40sCI">Gesponsert</div><div class="search-service-productPicture ProductMediaWrapper_productPicture__OXMYf"><div class="search-service-rsProductsMedia ProductMedia_rsProductsMedia__TgDb_"><picture><source srcSet="https://img.rewe-static.de/7937621/32516460_digital-image.png?resize=152px:152px&amp;output-quality=80&amp;output-format=webp&amp;im=BackgroundColor,color=fffff 152w, https://img.rewe-static.de/7937621/32516460_digital-image.png?resize=304px:304px&amp;output-quality=80&amp;output-format=webp&amp;im=BackgroundColor,color=fffff 304w, https://img.rewe-static.de/7937621/32516460_digital-image.png?resize=456px:456px&amp;output-quality=80&amp;output-format=webp&amp;im=BackgroundColor,color=fffff 456w, https://img.rewe-static.de/7937621/32516460_digital-image.png?resize=88px:88px&amp;output-quality=80&amp;output-format=webp&amp;im=BackgroundColor,color=fffff 88w, https://img.rewe-static.de/7937621/32516460_digital-image.png?resize=176px:176px&amp;output-quality=80&amp;output-format=webp&amp;im=BackgroundColor,color=fffff 176w, https://img.rewe-static.de/7937621/32516460_digital-image.png?resize=264px:264px&amp;output-quality=80&amp;output-format=webp&amp;im=BackgroundColor,color=fffff 264w" sizes="(min-width: 580px) 152px, 88px" type="image/webp" /><source srcSet="https://img.rewe-static.de/7937621/32516460_digital-image.png?resize=152px:152px&amp;output-quality=80&amp;output-format=jpeg2000&amp;im=BackgroundColor,color=fffff 152w, https://img.rewe-static.de/7937621/32516460_digital-image.png?resize=304px:304px&amp;output-quality=80&amp;output-format=jpeg2000&amp;im=BackgroundColor,color=fffff 304w, https://img.rewe-static.de/7937621/32516460_digital-image.png?resize=456px:456px&amp;output-quality=80&amp;output-format=jpeg2000&amp;im=BackgroundColor,color=fffff 456w, https://img.rewe-static.de/7937621/32516460_digital-image.png?resize=88px:88px&amp;output-quality=80&amp;output-format=jpeg2000&amp;im=BackgroundColor,color=fffff 88w, https://img.rewe-static.de/7937621/32516460_digital-image.png?resize=176px:176px&amp;output-quality=80&amp;output-format=jpeg2000&amp;im=BackgroundColor,color=fffff 176w, https://img.rewe-static.de/7937621/32516460_digital-image.png?resize=264px:264px&amp;output-quality=80&amp;output-format=jpeg2000&amp;im=BackgroundColor,color=fffff 264w" sizes="(min-width: 580px) 152px, 88px" type="image/jp2" /><source srcSet="https://img.rewe-static.de/7937621/32516460_digital-image.png?resize=152px:152px&amp;output-quality=80&amp;output-format=jpeg&amp;im=BackgroundColor,color=fffff 152w, https://img.rewe-static.de/7937621/32516460_digital-image.png?resize=304px:304px&amp;output-quality=80&amp;output-format=jpeg&amp;im=BackgroundColor,color=fffff 304w, https://img.rewe-static.de/7937621/32516460_digital-image.png?resize=456px:456px&amp;output-quality=80&amp;output-format=jpeg&amp;im=BackgroundColor,color=fffff 456w, https://img.rewe-static.de/7937621/32516460_digital-image.png?resize=88px:88px&amp;output-quality=80&amp;output-format=jpeg&amp;im=BackgroundColor,color=fffff 88w, https://img.rewe-static.de/7937621/32516460_digital-image.png?resize=176px:176px&amp;output-quality=80&amp;output-format=jpeg&amp;im=BackgroundColor,color=fffff 176w, https://img.rewe-static.de/7937621/32516460_digital-image.png?resize=264px:264px&amp;output-quality=80&amp;output-format=jpeg&amp;im=BackgroundColor,color=fffff 264w" sizes="(min-width: 580px) 152px, 88px" /><img src="https://img.rewe-static.de/7937621/32516460_digital-image.png?resize=152px:152px&amp;output-quality=80&amp;output-format=jpeg&amp;im=BackgroundColor,color=fffff" width="152" height="152" alt="The Vegetarian Butcher Vegane Chickeriki Streifen 160g" /></picture></div></div><div class="BadgesContainer_productBadges__mIOO1 search-service-productBadges"></div></div><div class="ProductDetailsWrapper_productDetails__7vI_z search-service-productDetails"><div class="ProductDetailsWrapper_partnerName__CqluS search-service-partnerName ProductDetailsWrapper_partnerNameEmpty__c5rTb search-service-partnerNameEmpty"></div><div class="ProductDetailsWrapper_productTitleWrapper__nJ1Fr search-service-productTitleWrapper"><h4 class="ProductDetailsWrapper_productTitle__XjgsA search-service-productTitle" id="13-8718692788107-rewe-online-services|48466001-231011-product-title"><div class="LinesEllipsis  ">The Vegetarian Butcher Vegane Chickeriki Streifen 160g<wbr/></div></h4></div><div class="ProductGrammage_productGrammage__fMOJr search-service-productGrammage"><div>160g (1 kg = 20,56 €)</div></div><div class="search-service-productDetailsFill ProductDetailsWrapper_productDetailsFill__TNboB"></div><div><div class="search-service-productPrice ProductPriceDisplay_productPrice__pqWxK">3,29 €</div></div></div></a></div><div class="search-service-basketButtons Product_basketButtons__SYAkC"><div class="search-service-ProductActions ProductActions_ProductActions__D_l5E"><meso-data data-listingid="13-8718692788107-rewe-online-services|48466001-231011" data-productid="7937621" data-orderlimit="99" data-amount="1" data-context="product-list-category"><div class="search-service-addToCartHandlerWrapper Add2CartHandler_addToCartHandlerWrapper__bvELT"><div class="bs_add2cart_container"><div class="bs_shopping_list_wrapper"><div class="lrms-favorite-button-container"></div><script type="application/json" class="favoritebutton-propstore">{"additionalUiData":{"assetBaseUrl":"https://shop.rewe-static.de/rewe-myproducts/b0c5748b220aaf8bd2a2aed167bba4ca9b3027d0","staticAssetBaseUrl":"https://shop.rewe-static.de/rewe-myproducts","favoritesBaseUrl":"/api/favorites","anonymousFavoritesBaseUrl":"/api/anonymousfavorites"},"testgroups":["prefilled-basket-myproducts"],"togglz":[]}</script></div><div class="bs_amount-handler bs_add2cart bs_amount-zero" data-is-initialized="false"><button class="basket-button bs_amount-minus basket_ripple" disabled></button><input type="number" pattern="[0-9]*" value="0" class="basket-input bs_amount-input" autocomplete="off"><button class="basket-button bs_amount-plus basket_ripple" aria-label="Produkt zum Warenkorb hinzufügen"></button></div></div><script type="text/javascript">
                    if (!window.ReweBasket) {
                        window.ReweBasket = {}
                    }
                </script><script type="text/javascript">
                    (function () {
                      var event = 'basket:addToBasketbuttonV2Render';
                      var customEvent;
                      var data = {};
                      if (typeof CustomEvent === 'function') {
                          customEvent = new CustomEvent(event, {detail: data});
                      } else {
                          customEvent = document.createEvent('CustomEvent');
                          customEvent.initCustomEvent(event, false, false, data);
                      }
                      document.dispatchEvent(customEvent);
                    })();
                </script></div></meso-data></div></div></div><div class="search-service-product Product_product__maAwA" aria-labelledby="13-4047334091744-rewe-online-services|48466001-231011-product-title"><div><input type="hidden" name="nan" value="1287072" /><input type="hidden" name="listingId" value="13-4047334091744-rewe-online-services|48466001-231011" /></div><div class="search-service-productDetailsWrapper Product_productDetailsWrapper__bX_s8"><a class="search-service-productDetailsLink Product_productDetailsLink__hXXfb" href="/p/rewe-bio-rinderhackfleisch-400g/1287072"><div class="search-service-pictureWrapper ProductMediaWrapper_pictureWrapper__ZHKoX"><div class="search-service-productPicture ProductMediaWrapper_productPicture__OXMYf"><div class="search-service-rsProductsMedia ProductMedia_rsProductsMedia__TgDb_"><picture><source srcSet="https://img.rewe-static.de/1287072/20464399_digital-image.png?resize=152px:152px&amp;output-quality=80&amp;output-format=webp&amp;im=BackgroundColor,color=fffff 152w, https://img.rewe-static.de/1287072/20464399_digital-image.png?resize=304px:304px&amp;output-quality=80&amp;output-format=webp&amp;im=BackgroundColor,color=fffff 304w, https://img.rewe-static.de/1287072/20464399_digital-image.png?resize=456px:456px&amp;output-quality=80&amp;output-format=webp&amp;im=BackgroundColor,color=fffff 456w, https://img.rewe-static.de/1287072/20464399_digital-image.png?resize=88px:88px&amp;output-quality=80&amp;output-format=webp&amp;im=BackgroundColor,color=fffff 88w, https://img.rewe-static.de/1287072/20464399_digital-image.png?resize=176px:176px&amp;output-quality=80&amp;output-format=webp&amp;im=BackgroundColor,color=fffff 176w, https://img.rewe-static.de/1287072/20464399_digital-image.png?resize=264px:264px&amp;output-quality=80&amp;output-format=webp&amp;im=BackgroundColor,color=fffff 264w" sizes="(min-width: 580px) 152px, 88px" type="image/webp" /><source srcSet="https://img.rewe-static.de/1287072/20464399_digital-image.png?resize=152px:152px&amp;output-quality=80&amp;output-format=jpeg2000&amp;im=BackgroundColor,color=fffff 152w, https://img.rewe-static.de/1287072/20464399_digital-image.png?resize=304px:304px&amp;output-quality=80&amp;output-format=jpeg2000&amp;im=BackgroundColor,color=fffff 304w, https://img.rewe-static.de/1287072/20464399_digital-image.png?resize=456px:456px&amp;output-quality=80&amp;output-format=jpeg2000&amp;im=BackgroundColor,color=fffff 456w, https://img.rewe-static.de/1287072/20464399_digital-image.png?resize=88px:88px&amp;output-quality=80&amp;output-format=jpeg2000&amp;im=BackgroundColor,color=fffff 88w, https://img.rewe-static.de/1287072/20464399_digital-image.png?resize=176px:176px&amp;output-quality=80&amp;output-format=jpeg2000&amp;im=BackgroundColor,color=fffff 176w, https://img.rewe-static.de/1287072/20464399_digital-image.png?resize=264px:264px&amp;output-quality=80&amp;output-format=jpeg2000&amp;im=BackgroundColor,color=fffff 264w" sizes="(min-width: 580px) 152px, 88px" type="image/jp2" /><source srcSet="https://img.rewe-static.de/1287072/20464399_digital-image.png?resize=152px:152px&amp;output-quality=80&amp;output-format=jpeg&amp;im=BackgroundColor,color=fffff 152w, https://img.rewe-static.de/1287072/20464399_digital-image.png?resize=304px:304px&amp;output-quality=80&amp;output-format=jpeg&amp;im=BackgroundColor,color=fffff 304w, https://img.rewe-static.de/1287072/20464399_digital-image.png?resize=456px:456px&amp;output-quality=80&amp;output-format=jpeg&amp;im=BackgroundColor,color=fffff 456w, https://img.rewe-static.de/1287072/20464399_digital-image.png?resize=88px:88px&amp;output-quality=80&amp;output-format=jpeg&amp;im=BackgroundColor,color=fffff 88w, https://img.rewe-static.de/1287072/20464399_digital-image.png?resize=176px:176px&amp;output-quality=80&amp;output-format=jpeg&amp;im=BackgroundColor,color=fffff 176w, https://img.rewe-static.de/1287072/20464399_digital-image.png?resize=264px:264px&amp;output-quality=80&amp;output-format=jpeg&amp;im=BackgroundColor,color=fffff 264w" sizes="(min-width: 580px) 152px, 88px" /><img src="https://img.rewe-static.de/1287072/20464399_digital-image.png?resize=152px:152px&amp;output-quality=80&amp;output-format=jpeg&amp;im=BackgroundColor,color=fffff" width="152" height="152" alt="REWE Bio Rinderhackfleisch 400g" /></picture></div></div><div class="BadgesContainer_productBadges__mIOO1 search-service-productBadges"><div class="badge_style_organicBadge__kj91r badge_style_badgeItem__vUyhV search-service-organicBadge search-service-badgeItem"></div></div></div><div class="ProductDetailsWrapper_productDetails__7vI_z search-service-productDetails"><div class="ProductDetailsWrapper_partnerName__CqluS search-service-partnerName ProductDetailsWrapper_partnerNameEmpty__c5rTb search-service-partnerNameEmpty"></div><div class="ProductDetailsWrapper_productTitleWrapper__nJ1Fr search-service-productTitleWrapper"><h4 class="ProductDetailsWrapper_productTitle__XjgsA search-service-productTitle" id="13-4047334091744-rewe-online-services|48466001-231011-product-title"><div class="LinesEllipsis  ">REWE Bio Rinderhackfleisch 400g<wbr/></div></h4></div><div class="ProductGrammage_productGrammage__fMOJr search-service-productGrammage"><div>400g (1 kg = 18,73 €)</div></div><div class="search-service-productDetailsFill ProductDetailsWrapper_productDetailsFill__TNboB"></div><div><div class="search-service-productPrice ProductPriceDisplay_productPrice__pqWxK">7,49 €</div></div></div></a></div><div class="search-service-basketButtons Product_basketButtons__SYAkC"><div class="search-service-ProductActions ProductActions_ProductActions__D_l5E"><meso-data data-listingid="13-4047334091744-rewe-online-services|48466001-231011" data-productid="1287072" data-orderlimit="99" data-amount="1" data-context="product-list-category"><div class="search-service-addToCartHandlerWrapper Add2CartHandler_addToCartHandlerWrapper__bvELT"><div class="bs_add2cart_container"><div class="bs_shopping_list_wrapper"><div class="lrms-favorite-button-container"></div><script type="application/json" class="favoritebutton-propstore">{"additionalUiData":{"assetBaseUrl":"https://shop.rewe-static.de/rewe-myproducts/b0c5748b220aaf8bd2a2aed167bba4ca9b3027d0","staticAssetBaseUrl":"https://shop.rewe-static.de/rewe-myproducts","favoritesBaseUrl":"/api/favorites","anonymousFavoritesBaseUrl":"/api/anonymousfavorites"},"testgroups":["prefilled-basket-myproducts"],"togglz":[]}</script></div><div class="bs_amount-handler bs_add2cart bs_amount-zero" data-is-initialized="false"><button class="basket-button bs_amount-minus basket_ripple" disabled></button><input type="number" pattern="[0-9]*" value="0" class="basket-input bs_amount-input" autocomplete="off"><button class="basket-button bs_amount-plus basket_ripple" aria-label="Produkt zum Warenkorb hinzufügen"></button></div></div><script type="text/javascript">
                    if (!window.ReweBasket) {
                        window.ReweBasket = {}
                    }
                </script><script type="text/javascript">
                    (function () {
                      var event = 'basket:addToBasketbuttonV2Render';
                      var customEvent;
                      var data = {};
                      if (typeof CustomEvent === 'function') {
                          customEvent = new CustomEvent(event, {detail: data});
                      } else {
                          customEvent = document.createEvent('CustomEvent');
                          customEvent.initCustomEvent(event, false, false, data);
                      }
                      document.dispatchEvent(customEvent);
                    })();
                </script></div></meso-data></div></div></div><div class="search-service-product Product_product__maAwA Product_productSpecialTile__WblB_" aria-labelledby="8-KNKKOE36-rewe-online-services|48466001-231011-product-title"><div><input type="hidden" name="nan" value="8653611" /><input type="hidden" name="listingId" value="8-KNKKOE36-rewe-online-services|48466001-231011" /></div><div class="search-service-productDetailsWrapper Product_productDetailsWrapper__bX_s8"><a class="search-service-productDetailsLink Product_productDetailsLink__hXXfb" href="/p/the-vegetarian-butcher-wie-n-schnitzel-vegan-180g/8653611?source=pl"><div class="search-service-pictureWrapper ProductMediaWrapper_pictureWrapper__ZHKoX"><div class="ProductMediaWrapper_sponsoredBadge__40sCI">Gesponsert</div><div class="search-service-productPicture ProductMediaWrapper_productPicture__OXMYf"><div class="search-service-rsProductsMedia ProductMedia_rsProductsMedia__TgDb_"><picture><source srcSet="https://img.rewe-static.de/8653611/34183234_digital-image.png?resize=152px:152px&amp;output-quality=80&amp;output-format=webp&amp;im=BackgroundColor,color=fffff 152w, https://img.rewe-static.de/8653611/34183234_digital-image.png?resize=304px:304px&amp;output-quality=80&amp;output-format=webp&amp;im=BackgroundColor,color=fffff 304w, https://img.rewe-static.de/8653611/34183234_digital-image.png?resize=456px:456px&amp;output-quality=80&amp;output-format=webp&amp;im=BackgroundColor,color=fffff 456w, https://img.rewe-static.de/8653611/34183234_digital-image.png?resize=88px:88px&amp;output-quality=80&amp;output-format=webp&amp;im=BackgroundColor,color=fffff 88w, https://img.rewe-static.de/8653611/34183234_digital-image.png?resize=176px:176px&amp;output-quality=80&amp;output-format=webp&amp;im=BackgroundColor,color=fffff 176w, https://img.rewe-static.de/8653611/34183234_digital-image.png?resize=264px:264px&amp;output-quality=80&amp;output-format=webp&amp;im=BackgroundColor,color=fffff 264w" sizes="(min-width: 580px) 152px, 88px" type="image/webp" /><source srcSet="https://img.rewe-static.de/8653611/34183234_digital-image.png?resize=152px:152px&amp;output-quality=80&amp;output-format=jpeg2000&amp;im=BackgroundColor,color=fffff 152w, https://img.rewe-static.de/8653611/34183234_digital-image.png?resize=304px:304px&amp;output-quality=80&amp;output-format=jpeg2000&amp;im=BackgroundColor,color=fffff 304w, https://img.rewe-static.de/8653611/34183234_digital-image.png?resize=456px:456px&amp;output-quality=80&amp;output-format=jpeg2000&amp;im=BackgroundColor,color=fffff 456w, https://img.rewe-static.de/8653611/34183234_digital-image.png?resize=88px:88px&amp;output-quality=80&amp;output-format=jpeg2000&amp;im=BackgroundColor,color=fffff 88w, https://img.rewe-static.de/8653611/34183234_digital-image.png?resize=176px:176px&amp;output-quality=80&amp;output-format=jpeg2000&amp;im=BackgroundColor,color=fffff 176w, https://img.rewe-static.de/8653611/34183234_digital-image.png?resize=264px:264px&amp;output-quality=80&amp;output-format=jpeg2000&amp;im=BackgroundColor,color=fffff 264w" sizes="(min-width: 580px) 152px, 88px" type="image/jp2" /><source srcSet="https://img.rewe-static.de/8653611/34183234_digital-image.png?resize=152px:152px&amp;output-quality=80&amp;output-format=jpeg&amp;im=BackgroundColor,color=fffff 152w, https://img.rewe-static.de/8653611/34183234_digital-image.png?resize=304px:304px&amp;output-quality=80&amp;output-format=jpeg&amp;im=BackgroundColor,color=fffff 304w, https://img.rewe-static.de/8653611/34183234_digital-image.png?resize=456px:456px&amp;output-quality=80&amp;output-format=jpeg&amp;im=BackgroundColor,color=fffff 456w, https://img.rewe-static.de/8653611/34183234_digital-image.png?resize=88px:88px&amp;output-quality=80&amp;output-format=jpeg&amp;im=BackgroundColor,color=fffff 88w, https://img.rewe-static.de/8653611/34183234_digital-image.png?resize=176px:176px&amp;output-quality=80&amp;output-format=jpeg&amp;im=BackgroundColor,color=fffff 176w, https://img.rewe-static.de/8653611/34183234_digital-image.png?resize=264px:264px&amp;output-quality=80&amp;output-format=jpeg&amp;im=BackgroundColor,color=fffff 264w" sizes="(min-width: 580px) 152px, 88px" /><img src="https://img.rewe-static.de/8653611/34183234_digital-image.png?resize=152px:152px&amp;output-quality=80&amp;output-format=jpeg&amp;im=BackgroundColor,color=fffff" width="152" height="152" alt="The Vegetarian Butcher Wie&#x27;n Schnitzel vegan 180g" /></picture></div></div><div class="BadgesContainer_productBadges__mIOO1 search-service-productBadges"></div></div><div class="ProductDetailsWrapper_productDetails__7vI_z search-service-productDetails"><div class="ProductDetailsWrapper_partnerName__CqluS search-service-partnerName ProductDetailsWrapper_partnerNameEmpty__c5rTb search-service-partnerNameEmpty"></div><div class="ProductDetailsWrapper_productTitleWrapper__nJ1Fr search-service-productTitleWrapper"><h4 class="ProductDetailsWrapper_productTitle__XjgsA search-service-productTitle" id="8-KNKKOE36-rewe-online-services|48466001-231011-product-title"><div class="LinesEllipsis  ">The Vegetarian Butcher Wie&#x27;n Schnitzel vegan 180g<wbr/></div></h4></div><div class="ProductGrammage_productGrammage__fMOJr search-service-productGrammage"><div>180g (1 kg = 18,28 €)</div></div><div class="search-service-productDetailsFill ProductDetailsWrapper_productDetailsFill__TNboB"></div><div><div class="search-service-productPrice ProductPriceDisplay_productPrice__pqWxK">3,29 €</div></div></div></a></div><div class="search-service-basketButtons Product_basketButtons__SYAkC"><div class="search-service-ProductActions ProductActions_ProductActions__D_l5E"><meso-data data-listingid="8-KNKKOE36-rewe-online-services|48466001-231011" data-productid="8653611" data-orderlimit="99" data-amount="1" data-context="product-list-category"><div class="search-service-addToCartHandlerWrapper Add2CartHandler_addToCartHandlerWrapper__bvELT"><div class="bs_add2cart_container"><div class="bs_shopping_list_wrapper"><div class="lrms-favorite-button-container"></div><script type="application/json" class="favoritebutton-propstore">{"additionalUiData":{"assetBaseUrl":"https://shop.rewe-static.de/rewe-myproducts/b0c5748b220aaf8bd2a2aed167bba4ca9b3027d0","staticAssetBaseUrl":"https://shop.rewe-static.de/rewe-myproducts","favoritesBaseUrl":"/api/favorites","anonymousFavoritesBaseUrl":"/api/anonymousfavorites"},"testgroups":["prefilled-basket-myproducts"],"togglz":[]}</script></div><div class="bs_amount-handler bs_add2cart bs_amount-zero" data-is-initialized="false"><button class="basket-button bs_amount-minus basket_ripple" disabled></button><input type="number" pattern="[0-9]*" value="0" class="basket-input bs_amount-input" autocomplete="off"><button class="basket-button bs_amount-plus basket_ripple" aria-label="Produkt zum Warenkorb hinzufügen"></button></div></div><script type="text/javascript">
                    if (!window.ReweBasket) {
                        window.ReweBasket = {}
                    }
                </script><script type="text/javascript">
                    (function () {
                      var event = 'basket:addToBasketbuttonV2Render';
                      var customEvent;
                      var data = {};
                      if (typeof CustomEvent === 'function') {
                          customEvent = new CustomEvent(event, {detail: data});
                      } else {
                          customEvent = document.createEvent('CustomEvent');
                          customEvent.initCustomEvent(event, false, false, data);
                      }
                      document.dispatchEvent(customEvent);
                    })();
                </script></div></meso-data></div></div></div><div class="search-service-product Product_product__maAwA" aria-labelledby="13-4388844008113-rewe-online-services|48466001-231011-product-title"><div><input type="hidden" name="nan" value="204042" /><input type="hidden" name="listingId" value="13-4388844008113-rewe-online-services|48466001-231011" /></div><div class="search-service-productDetailsWrapper Product_productDetailsWrapper__bX_s8"><a class="search-service-productDetailsLink Product_productDetailsLink__hXXfb" href="/p/rewe-bio-wiener-wuerstchen-200g/204042"><div class="search-service-pictureWrapper ProductMediaWrapper_pictureWrapper__ZHKoX"><div class="search-service-productPicture ProductMediaWrapper_productPicture__OXMYf"><div class="search-service-rsProductsMedia ProductMedia_rsProductsMedia__TgDb_"><picture><source srcSet="https://img.rewe-static.de/0204042/3470510_digital-image.png?resize=152px:152px&amp;output-quality=80&amp;output-format=webp&amp;im=BackgroundColor,color=fffff 152w, https://img.rewe-static.de/0204042/3470510_digital-image.png?resize=304px:304px&amp;output-quality=80&amp;output-format=webp&amp;im=BackgroundColor,color=fffff 304w, https://img.rewe-static.de/0204042/3470510_digital-image.png?resize=456px:456px&amp;output-quality=80&amp;output-format=webp&amp;im=BackgroundColor,color=fffff 456w, https://img.rewe-static.de/0204042/3470510_digital-image.png?resize=88px:88px&amp;output-quality=80&amp;output-format=webp&amp;im=BackgroundColor,color=fffff 88w, https://img.rewe-static.de/0204042/3470510_digital-image.png?resize=176px:176px&amp;output-quality=80&amp;output-format=webp&amp;im=BackgroundColor,color=fffff 176w, https://img.rewe-static.de/0204042/3470510_digital-image.png?resize=264px:264px&amp;output-quality=80&amp;output-format=webp&amp;im=BackgroundColor,color=fffff 264w" sizes="(min-width: 580px) 152px, 88px" type="image/webp" /><source srcSet="https://img.rewe-static.de/0204042/3470510_digital-image.png?resize=152px:152px&amp;output-quality=80&amp;output-format=jpeg2000&amp;im=BackgroundColor,color=fffff 152w, https://img.rewe-static.de/0204042/3470510_digital-image.png?resize=304px:304px&amp;output-quality=80&amp;output-format=jpeg2000&amp;im=BackgroundColor,color=fffff 304w, https://img.rewe-static.de/0204042/3470510_digital-image.png?resize=456px:456px&amp;output-quality=80&amp;output-format=jpeg2000&amp;im=BackgroundColor,color=fffff 456w, https://img.rewe-static.de/0204042/3470510_digital-image.png?resize=88px:88px&amp;output-quality=80&amp;output-format=jpeg2000&amp;im=BackgroundColor,color=fffff 88w, https://img.rewe-static.de/0204042/3470510_digital-image.png?resize=176px:176px&amp;output-quality=80&amp;output-format=jpeg2000&amp;im=BackgroundColor,color=fffff 176w, https://img.rewe-static.de/0204042/3470510_digital-image.png?resize=264px:264px&amp;output-quality=80&amp;output-format=jpeg2000&amp;im=BackgroundColor,color=fffff 264w" sizes="(min-width: 580px) 152px, 88px" type="image/jp2" /><source srcSet="https://img.rewe-static.de/0204042/3470510_digital-image.png?resize=152px:152px&amp;output-quality=80&amp;output-format=jpeg&amp;im=BackgroundColor,color=fffff 152w, https://img.rewe-static.de/0204042/3470510_digital-image.png?resize=304px:304px&amp;output-quality=80&amp;output-format=jpeg&amp;im=BackgroundColor,color=fffff 304w, https://img.rewe-static.de/0204042/3470510_digital-image.png?resize=456px:456px&amp;output-quality=80&amp;output-format=jpeg&amp;im=BackgroundColor,color=fffff 456w, https://img.rewe-static.de/0204042/3470510_digital-image.png?resize=88px:88px&amp;output-quality=80&amp;output-format=jpeg&amp;im=BackgroundColor,color=fffff 88w, https://img.rewe-static.de/0204042/3470510_digital-image.png?resize=176px:176px&amp;output-quality=80&amp;output-format=jpeg&amp;im=BackgroundColor,color=fffff 176w, https://img.rewe-static.de/0204042/3470510_digital-image.png?resize=264px:264px&amp;output-quality=80&amp;output-format=jpeg&amp;im=BackgroundColor,color=fffff 264w" sizes="(min-width: 580px) 152px, 88px" /><img src="https://img.rewe-static.de/0204042/3470510_digital-image.png?resize=152px:152px&amp;output-quality=80&amp;output-format=jpeg&amp;im=BackgroundColor,color=fffff" width="152" height="152" alt="REWE Bio Wiener Würstchen 200g" /></picture></div></div><div class="BadgesContainer_productBadges__mIOO1 search-service-productBadges"><div class="badge_style_organicBadge__kj91r badge_style_badgeItem__vUyhV search-service-organicBadge search-service-badgeItem"></div></div></div><div class="ProductDetailsWrapper_productDetails__7vI_z search-service-productDetails"><div class="ProductDetailsWrapper_partnerName__CqluS search-service-partnerName ProductDetailsWrapper_partnerNameEmpty__c5rTb search-service-partnerNameEmpty"></div><div class="ProductDetailsWrapper_productTitleWrapper__nJ1Fr search-service-productTitleWrapper"><h4 class="ProductDetailsWrapper_productTitle__XjgsA search-service-productTitle" id="13-4388844008113-rewe-online-services|48466001-231011-product-title"><div class="LinesEllipsis  ">REWE Bio Wiener Würstchen 200g<wbr/></div></h4></div><div class="ProductGrammage_productGrammage__fMOJr search-service-productGrammage"><div>200g (1 kg = 16,45 €)</div></div><div class="search-service-productDetailsFill ProductDetailsWrapper_productDetailsFill__TNboB"></div><div><div class="search-service-productOffer BulkDiscountElements_productOffer__e9Jxc"><div class="search-service-productOfferFirstLine BulkDiscountElements_productOfferFirstLine__r2Dx1"><div class="search-service-BulkDiscountPromotionText BulkDiscountElements_BulkDiscountPromotionText__YuLkM">Ab 3 Stück 5% sparen</div></div><div class="search-service-productOfferSecondLine BulkDiscountElements_productOfferSecondLine___syNJ"><div class="search-service-productPrice BulkDiscountElements_productPrice__gz_76">3,29 €</div></div></div></div></div></a></div><div class="search-service-basketButtons Product_basketButtons__SYAkC"><div class="search-service-ProductActions ProductActions_ProductActions__D_l5E"><meso-data data-listingid="13-4388844008113-rewe-online-services|48466001-231011" data-productid="204042" data-orderlimit="99" data-amount="1" data-context="product-list-category"><div class="search-service-addToCartHandlerWrapper Add2CartHandler_addToCartHandlerWrapper__bvELT"><div class="bs_add2cart_container"><div class="bs_shopping_list_wrapper"><div class="lrms-favorite-button-container"></div><script type="application/json" class="favoritebutton-propstore">{"additionalUiData":{"assetBaseUrl":"https://shop.rewe-static.de/rewe-myproducts/b0c5748b220aaf8bd2a2aed167bba4ca9b3027d0","staticAssetBaseUrl":"https://shop.rewe-static.de/rewe-myproducts","favoritesBaseUrl":"/api/favorites","anonymousFavoritesBaseUrl":"/api/anonymousfavorites"},"testgroups":["prefilled-basket-myproducts"],"togglz":[]}</script></div><div class="bs_amount-handler bs_add2cart bs_amount-zero" data-is-initialized="false"><button class="basket-button bs_amount-minus basket_ripple" disabled></button><input type="number" pattern="[0-9]*" value="0" class="basket-input bs_amount-input" autocomplete="off"><button class="basket-button bs_amount-plus basket_ripple" aria-label="Produkt zum Warenkorb hinzufügen"></button></div></div><script type="text/javascript">
                    if (!window.ReweBasket) {
                        window.ReweBasket = {}
                    }
                </script><script type="text/javascript">
                    (function () {
                      var event = 'basket:addToBasketbuttonV2Render';
                      var customEvent;
                      var data = {};
                      if (typeof CustomEvent === 'function') {
                          customEvent = new CustomEvent(event, {detail: data});
                      } else {
                          customEvent = document.createEvent('CustomEvent');
                          customEvent.initCustomEvent(event, false, false, data);
                      }
                      document.dispatchEvent(customEvent);
                    })();
                </script></div></meso-data></div></div></div><div class="search-service-product Product_product__maAwA" aria-labelledby="13-4006229690219-rewe-online-services|48466001-231011-product-title"><div><input type="hidden" name="nan" value="4277902" /><input type="hidden" name="listingId" value="13-4006229690219-rewe-online-services|48466001-231011" /></div><div class="search-service-productDetailsWrapper Product_productDetailsWrapper__bX_s8"><a class="search-service-productDetailsLink Product_productDetailsLink__hXXfb" href="/p/reinert-schinken-nuggetz-3x50g/4277902"><div class="search-service-pictureWrapper ProductMediaWrapper_pictureWrapper__ZHKoX"><div class="search-service-productPicture ProductMediaWrapper_productPicture__OXMYf"><div class="search-service-rsProductsMedia ProductMedia_rsProductsMedia__TgDb_"><picture><source srcSet="https://img.rewe-static.de/4277902/2343970_digital-image.png?resize=152px:152px&amp;output-quality=80&amp;output-format=webp&amp;im=BackgroundColor,color=fffff 152w, https://img.rewe-static.de/4277902/2343970_digital-image.png?resize=304px:304px&amp;output-quality=80&amp;output-format=webp&amp;im=BackgroundColor,color=fffff 304w, https://img.rewe-static.de/4277902/2343970_digital-image.png?resize=456px:456px&amp;output-quality=80&amp;output-format=webp&amp;im=BackgroundColor,color=fffff 456w, https://img.rewe-static.de/4277902/2343970_digital-image.png?resize=88px:88px&amp;output-quality=80&amp;output-format=webp&amp;im=BackgroundColor,color=fffff 88w, https://img.rewe-static.de/4277902/2343970_digital-image.png?resize=176px:176px&amp;output-quality=80&amp;output-format=webp&amp;im=BackgroundColor,color=fffff 176w, https://img.rewe-static.de/4277902/2343970_digital-image.png?resize=264px:264px&amp;output-quality=80&amp;output-format=webp&amp;im=BackgroundColor,color=fffff 264w" sizes="(min-width: 580px) 152px, 88px" type="image/webp" /><source srcSet="https://img.rewe-static.de/4277902/2343970_digital-image.png?resize=152px:152px&amp;output-quality=80&amp;output-format=jpeg2000&amp;im=BackgroundColor,color=fffff 152w, https://img.rewe-static.de/4277902/2343970_digital-image.png?resize=304px:304px&amp;output-quality=80&amp;output-format=jpeg2000&amp;im=BackgroundColor,color=fffff 304w, https://img.rewe-static.de/4277902/2343970_digital-image.png?resize=456px:456px&amp;output-quality=80&amp;output-format=jpeg2000&amp;im=BackgroundColor,color=fffff 456w, https://img.rewe-static.de/4277902/2343970_digital-image.png?resize=88px:88px&amp;output-quality=80&amp;output-format=jpeg2000&amp;im=BackgroundColor,color=fffff 88w, https://img.rewe-static.de/4277902/2343970_digital-image.png?resize=176px:176px&amp;output-quality=80&amp;output-format=jpeg2000&amp;im=BackgroundColor,color=fffff 176w, https://img.rewe-static.de/4277902/2343970_digital-image.png?resize=264px:264px&amp;output-quality=80&amp;output-format=jpeg2000&amp;im=BackgroundColor,color=fffff 264w" sizes="(min-width: 580px) 152px, 88px" type="image/jp2" /><source srcSet="https://img.rewe-static.de/4277902/2343970_digital-image.png?resize=152px:152px&amp;output-quality=80&amp;output-format=jpeg&amp;im=BackgroundColor,color=fffff 152w, https://img.rewe-static.de/4277902/2343970_digital-image.png?resize=304px:304px&amp;output-quality=80&amp;output-format=jpeg&amp;im=BackgroundColor,color=fffff 304w, https://img.rewe-static.de/4277902/2343970_digital-image.png?resize=456px:456px&amp;output-quality=80&amp;output-format=jpeg&amp;im=BackgroundColor,color=fffff 456w, https://img.rewe-static.de/4277902/2343970_digital-image.png?resize=88px:88px&amp;output-quality=80&amp;output-format=jpeg&amp;im=BackgroundColor,color=fffff 88w, https://img.rewe-static.de/4277902/2343970_digital-image.png?resize=176px:176px&amp;output-quality=80&amp;output-format=jpeg&amp;im=BackgroundColor,color=fffff 176w, https://img.rewe-static.de/4277902/2343970_digital-image.png?resize=264px:264px&amp;output-quality=80&amp;output-format=jpeg&amp;im=BackgroundColor,color=fffff 264w" sizes="(min-width: 580px) 152px, 88px" /><img src="https://img.rewe-static.de/4277902/2343970_digital-image.png?resize=152px:152px&amp;output-quality=80&amp;output-format=jpeg&amp;im=BackgroundColor,color=fffff" width="152" height="152" alt="Reinert Schinken-Nuggetz 3x50g" loading="lazy" /></picture></div></div><div class="BadgesContainer_productBadges__mIOO1 search-service-productBadges"></div></div><div class="ProductDetailsWrapper_productDetails__7vI_z search-service-productDetails"><div class="ProductDetailsWrapper_partnerName__CqluS search-service-partnerName ProductDetailsWrapper_partnerNameEmpty__c5rTb search-service-partnerNameEmpty"></div><div class="ProductDetailsWrapper_productTitleWrapper__nJ1Fr search-service-productTitleWrapper"><h4 class="ProductDetailsWrapper_productTitle__XjgsA search-service-productTitle" id="13-4006229690219-rewe-online-services|48466001-231011-product-title"><div class="LinesEllipsis  ">Reinert Schinken-Nuggetz 3x50g<wbr/></div></h4></div><div class="ProductGrammage_productGrammage__fMOJr search-service-productGrammage"><div>150g (1 kg = 19,93 €)</div></div><div class="search-service-productDetailsFill ProductDetailsWrapper_productDetailsFill__TNboB"></div><div><div class="search-service-productOffer BulkDiscountElements_productOffer__e9Jxc"><div class="search-service-productOfferFirstLine BulkDiscountElements_productOfferFirstLine__r2Dx1"><div class="search-service-BulkDiscountPromotionText BulkDiscountElements_BulkDiscountPromotionText__YuLkM">Ab 3 Stück 5% sparen</div></div><div class="search-service-productOfferSecondLine BulkDiscountElements_productOfferSecondLine___syNJ"><div class="search-service-productPrice BulkDiscountElements_productPrice__gz_76">2,99 €</div></div></div></div></div></a></div><div class="search-service-basketButtons Product_basketButtons__SYAkC"><div class="search-service-ProductActions ProductActions_ProductActions__D_l5E"><meso-data data-listingid="13-4006229690219-rewe-online-services|48466001-231011" data-productid="4277902" data-orderlimit="99" data-amount="1" data-context="product-list-category"><div class="search-service-addToCartHandlerWrapper Add2CartHandler_addToCartHandlerWrapper__bvELT"><div class="bs_add2cart_container"><div class="bs_shopping_list_wrapper"><div class="lrms-favorite-button-container"></div><script type="application/json" class="favoritebutton-propstore">{"additionalUiData":{"assetBaseUrl":"https://shop.rewe-static.de/rewe-myproducts/b0c5748b220aaf8bd2a2aed167bba4ca9b3027d0","staticAssetBaseUrl":"https://shop.rewe-static.de/rewe-myproducts","favoritesBaseUrl":"/api/favorites","anonymousFavoritesBaseUrl":"/api/anonymousfavorites"},"testgroups":["prefilled-basket-myproducts"],"togglz":[]}</script></div><div class="bs_amount-handler bs_add2cart bs_amount-zero" data-is-initialized="false"><button class="basket-button bs_amount-minus basket_ripple" disabled></button><input type="number" pattern="[0-9]*" value="0" class="basket-input bs_amount-input" autocomplete="off"><button class="basket-button bs_amount-plus basket_ripple" aria-label="Produkt zum Warenkorb hinzufügen"></button></div></div><script type="text/javascript">
                    if (!window.ReweBasket) {
                        window.ReweBasket = {}
                    }
                </script><script type="text/javascript">
                    (function () {
                      var event = 'basket:addToBasketbuttonV2Render';
                      var customEvent;
                      var data = {};
                      if (typeof CustomEvent === 'function') {
                          customEvent = new CustomEvent(event, {detail: data});
                      } else {
                          customEvent = document.createEvent('CustomEvent');
                          customEvent.initCustomEvent(event, false, false, data);
                      }
                      document.dispatchEvent(customEvent);
                    })();
                </script></div></meso-data></div></div></div><div class="search-service-product Product_product__maAwA" aria-labelledby="8-LNCEXDA4-rewe-online-services|48466001-231011-product-title"><div><input type="hidden" name="nan" value="7848294" /><input type="hidden" name="listingId" value="8-LNCEXDA4-rewe-online-services|48466001-231011" /></div><div class="search-service-productDetailsWrapper Product_productDetailsWrapper__bX_s8"><a class="search-service-productDetailsLink Product_productDetailsLink__hXXfb" href="/p/rewe-bio-haehnchenbrustfilet-70g/7848294"><div class="search-service-pictureWrapper ProductMediaWrapper_pictureWrapper__ZHKoX"><div class="search-service-productPicture ProductMediaWrapper_productPicture__OXMYf"><div class="search-service-rsProductsMedia ProductMedia_rsProductsMedia__TgDb_"><picture><source srcSet="https://img.rewe-static.de/7848294/34779961_digital-image.png?resize=152px:152px&amp;output-quality=80&amp;output-format=webp&amp;im=BackgroundColor,color=fffff 152w, https://img.rewe-static.de/7848294/34779961_digital-image.png?resize=304px:304px&amp;output-quality=80&amp;output-format=webp&amp;im=BackgroundColor,color=fffff 304w, https://img.rewe-static.de/7848294/34779961_digital-image.png?resize=456px:456px&amp;output-quality=80&amp;output-format=webp&amp;im=BackgroundColor,color=fffff 456w, https://img.rewe-static.de/7848294/34779961_digital-image.png?resize=88px:88px&amp;output-quality=80&amp;output-format=webp&amp;im=BackgroundColor,color=fffff 88w, https://img.rewe-static.de/7848294/34779961_digital-image.png?resize=176px:176px&amp;output-quality=80&amp;output-format=webp&amp;im=BackgroundColor,color=fffff 176w, https://img.rewe-static.de/7848294/34779961_digital-image.png?resize=264px:264px&amp;output-quality=80&amp;output-format=webp&amp;im=BackgroundColor,color=fffff 264w" sizes="(min-width: 580px) 152px, 88px" type="image/webp" /><source srcSet="https://img.rewe-static.de/7848294/34779961_digital-image.png?resize=152px:152px&amp;output-quality=80&amp;output-format=jpeg2000&amp;im=BackgroundColor,color=fffff 152w, https://img.rewe-static.de/7848294/34779961_digital-image.png?resize=304px:304px&amp;output-quality=80&amp;output-format=jpeg2000&amp;im=BackgroundColor,color=fffff 304w, https://img.rewe-static.de/7848294/34779961_digital-image.png?resize=456px:456px&amp;output-quality=80&amp;output-format=jpeg2000&amp;im=BackgroundColor,color=fffff 456w, https://img.rewe-static.de/7848294/34779961_digital-image.png?resize=88px:88px&amp;output-quality=80&amp;output-format=jpeg2000&amp;im=BackgroundColor,color=fffff 88w, https://img.rewe-static.de/7848294/34779961_digital-image.png?resize=176px:176px&amp;output-quality=80&amp;output-format=jpeg2000&amp;im=BackgroundColor,color=fffff 176w, https://img.rewe-static.de/7848294/34779961_digital-image.png?resize=264px:264px&amp;output-quality=80&amp;output-format=jpeg2000&amp;im=BackgroundColor,color=fffff 264w" sizes="(min-width: 580px) 152px, 88px" type="image/jp2" /><source srcSet="https://img.rewe-static.de/7848294/34779961_digital-image.png?resize=152px:152px&amp;output-quality=80&amp;output-format=jpeg&amp;im=BackgroundColor,color=fffff 152w, https://img.rewe-static.de/7848294/34779961_digital-image.png?resize=304px:304px&amp;output-quality=80&amp;output-format=jpeg&amp;im=BackgroundColor,color=fffff 304w, https://img.rewe-static.de/7848294/34779961_digital-image.png?resize=456px:456px&amp;output-quality=80&amp;output-format=jpeg&amp;im=BackgroundColor,color=fffff 456w, https://img.rewe-static.de/7848294/34779961_digital-image.png?resize=88px:88px&amp;output-quality=80&amp;output-format=jpeg&amp;im=BackgroundColor,color=fffff 88w, https://img.rewe-static.de/7848294/34779961_digital-image.png?resize=176px:176px&amp;output-quality=80&amp;output-format=jpeg&amp;im=BackgroundColor,color=fffff 176w, https://img.rewe-static.de/7848294/34779961_digital-image.png?resize=264px:264px&amp;output-quality=80&amp;output-format=jpeg&amp;im=BackgroundColor,color=fffff 264w" sizes="(min-width: 580px) 152px, 88px" /><img src="https://img.rewe-static.de/7848294/34779961_digital-image.png?resize=152px:152px&amp;output-quality=80&amp;output-format=jpeg&amp;im=BackgroundColor,color=fffff" width="152" height="152" alt="REWE Bio Hähnchenbrustfilet 70g" loading="lazy" /></picture></div></div><div class="BadgesContainer_productBadges__mIOO1 search-service-productBadges"><div class="badge_style_organicBadge__kj91r badge_style_badgeItem__vUyhV search-service-organicBadge search-service-badgeItem"></div></div></div><div class="ProductDetailsWrapper_productDetails__7vI_z search-service-productDetails"><div class="ProductDetailsWrapper_partnerName__CqluS search-service-partnerName ProductDetailsWrapper_partnerNameEmpty__c5rTb search-service-partnerNameEmpty"></div><div class="ProductDetailsWrapper_productTitleWrapper__nJ1Fr search-service-productTitleWrapper"><h4 class="ProductDetailsWrapper_productTitle__XjgsA search-service-productTitle" id="8-LNCEXDA4-rewe-online-services|48466001-231011-product-title"><div class="LinesEllipsis  ">REWE Bio Hähnchenbrustfilet 70g<wbr/></div></h4></div><div class="ProductGrammage_productGrammage__fMOJr search-service-productGrammage"><div>70g (1 kg = 38,43 €)</div></div><div class="search-service-productDetailsFill ProductDetailsWrapper_productDetailsFill__TNboB"></div><div><div class="search-service-productOffer BulkDiscountElements_productOffer__e9Jxc"><div class="search-service-productOfferFirstLine BulkDiscountElements_productOfferFirstLine__r2Dx1"><div class="search-service-BulkDiscountPromotionText BulkDiscountElements_BulkDiscountPromotionText__YuLkM">Ab 3 Stück 5% sparen</div></div><div class="search-service-productOfferSecondLine BulkDiscountElements_productOfferSecondLine___syNJ"><div class="search-service-productPrice BulkDiscountElements_productPrice__gz_76">2,69 €</div></div></div></div></div></a></div><div class="search-service-basketButtons Product_basketButtons__SYAkC"><div class="search-service-ProductActions ProductActions_ProductActions__D_l5E"><meso-data data-listingid="8-LNCEXDA4-rewe-online-services|48466001-231011" data-productid="7848294" data-orderlimit="99" data-amount="1" data-context="product-list-category"><div class="search-service-addToCartHandlerWrapper Add2CartHandler_addToCartHandlerWrapper__bvELT"><div class="bs_add2cart_container"><div class="bs_shopping_list_wrapper"><div class="lrms-favorite-button-container"></div><script type="application/json" class="favoritebutton-propstore">{"additionalUiData":{"assetBaseUrl":"https://shop.rewe-static.de/rewe-myproducts/b0c5748b220aaf8bd2a2aed167bba4ca9b3027d0","staticAssetBaseUrl":"https://shop.rewe-static.de/rewe-myproducts","favoritesBaseUrl":"/api/favorites","anonymousFavoritesBaseUrl":"/api/anonymousfavorites"},"testgroups":["prefilled-basket-myproducts"],"togglz":[]}</script></div><div class="bs_amount-handler bs_add2cart bs_amount-zero" data-is-initialized="false"><button class="basket-button bs_amount-minus basket_ripple" disabled></button><input type="number" pattern="[0-9]*" value="0" class="basket-input bs_amount-input" autocomplete="off"><button class="basket-button bs_amount-plus basket_ripple" aria-label="Produkt zum Warenkorb hinzufügen"></button></div></div><script type="text/javascript">
                    if (!window.ReweBasket) {
                        window.ReweBasket = {}
                    }
                </script><script type="text/javascript">
                    (function () {
                      var event = 'basket:addToBasketbuttonV2Render';
                      var customEvent;
                      var data = {};
                      if (typeof CustomEvent === 'function') {
                          customEvent = new CustomEvent(event, {detail: data});
                      } else {
                          customEvent = document.createEvent('CustomEvent');
                          customEvent.initCustomEvent(event, false, false, data);
                      }
                      document.dispatchEvent(customEvent);
                    })();
                </script></div></meso-data></div></div></div><div class="search-service-product Product_product__maAwA" aria-labelledby="13-4000930585048-rewe-online-services|48466001-231011-product-title"><div><input type="hidden" name="nan" value="2231617" /><input type="hidden" name="listingId" value="13-4000930585048-rewe-online-services|48466001-231011" /></div><div class="search-service-productDetailsWrapper Product_productDetailsWrapper__bX_s8"><a class="search-service-productDetailsLink Product_productDetailsLink__hXXfb" href="/p/ponnath-prosciutto-cotto-150g/2231617"><div class="search-service-pictureWrapper ProductMediaWrapper_pictureWrapper__ZHKoX"><div class="search-service-productPicture ProductMediaWrapper_productPicture__OXMYf"><div class="search-service-rsProductsMedia ProductMedia_rsProductsMedia__TgDb_"><picture><source srcSet="https://img.rewe-static.de/2231617/23475456_digital-image.png?resize=152px:152px&amp;output-quality=80&amp;output-format=webp&amp;im=BackgroundColor,color=fffff 152w, https://img.rewe-static.de/2231617/23475456_digital-image.png?resize=304px:304px&amp;output-quality=80&amp;output-format=webp&amp;im=BackgroundColor,color=fffff 304w, https://img.rewe-static.de/2231617/23475456_digital-image.png?resize=456px:456px&amp;output-quality=80&amp;output-format=webp&amp;im=BackgroundColor,color=fffff 456w, https://img.rewe-static.de/2231617/23475456_digital-image.png?resize=88px:88px&amp;output-quality=80&amp;output-format=webp&amp;im=BackgroundColor,color=fffff 88w, https://img.rewe-static.de/2231617/23475456_digital-image.png?resize=176px:176px&amp;output-quality=80&amp;output-format=webp&amp;im=BackgroundColor,color=fffff 176w, https://img.rewe-static.de/2231617/23475456_digital-image.png?resize=264px:264px&amp;output-quality=80&amp;output-format=webp&amp;im=BackgroundColor,color=fffff 264w" sizes="(min-width: 580px) 152px, 88px" type="image/webp" /><source srcSet="https://img.rewe-static.de/2231617/23475456_digital-image.png?resize=152px:152px&amp;output-quality=80&amp;output-format=jpeg2000&amp;im=BackgroundColor,color=fffff 152w, https://img.rewe-static.de/2231617/23475456_digital-image.png?resize=304px:304px&amp;output-quality=80&amp;output-format=jpeg2000&amp;im=BackgroundColor,color=fffff 304w, https://img.rewe-static.de/2231617/23475456_digital-image.png?resize=456px:456px&amp;output-quality=80&amp;output-format=jpeg2000&amp;im=BackgroundColor,color=fffff 456w, https://img.rewe-static.de/2231617/23475456_digital-image.png?resize=88px:88px&amp;output-quality=80&amp;output-format=jpeg2000&amp;im=BackgroundColor,color=fffff 88w, https://img.rewe-static.de/2231617/23475456_digital-image.png?resize=176px:176px&amp;output-quality=80&amp;output-format=jpeg2000&amp;im=BackgroundColor,color=fffff 176w, https://img.rewe-static.de/2231617/23475456_digital-image.png?resize=264px:264px&amp;output-quality=80&amp;output-format=jpeg2000&amp;im=BackgroundColor,color=fffff 264w" sizes="(min-width: 580px) 152px, 88px" type="image/jp2" /><source srcSet="https://img.rewe-static.de/2231617/23475456_digital-image.png?resize=152px:152px&amp;output-quality=80&amp;output-format=jpeg&amp;im=BackgroundColor,color=fffff 152w, https://img.rewe-static.de/2231617/23475456_digital-image.png?resize=304px:304px&amp;output-quality=80&amp;output-format=jpeg&amp;im=BackgroundColor,color=fffff 304w, https://img.rewe-static.de/2231617/23475456_digital-image.png?resize=456px:456px&amp;output-quality=80&amp;output-format=jpeg&amp;im=BackgroundColor,color=fffff 456w, https://img.rewe-static.de/2231617/23475456_digital-image.png?resize=88px:88px&amp;output-quality=80&amp;output-format=jpeg&amp;im=BackgroundColor,color=fffff 88w, https://img.rewe-static.de/2231617/23475456_digital-image.png?resize=176px:176px&amp;output-quality=80&amp;output-format=jpeg&amp;im=BackgroundColor,color=fffff 176w, https://img.rewe-static.de/2231617/23475456_digital-image.png?resize=264px:264px&amp;output-quality=80&amp;output-format=jpeg&amp;im=BackgroundColor,color=fffff 264w" sizes="(min-width: 580px) 152px, 88px" /><img src="https://img.rewe-static.de/2231617/23475456_digital-image.png?resize=152px:152px&amp;output-quality=80&amp;output-format=jpeg&amp;im=BackgroundColor,color=fffff" width="152" height="152" alt="Ponnath Prosciutto Cotto 150g" loading="lazy" /></picture></div></div><div class="BadgesContainer_productBadges__mIOO1 search-service-productBadges"></div></div><div class="ProductDetailsWrapper_productDetails__7vI_z search-service-productDetails"><div class="ProductDetailsWrapper_partnerName__CqluS search-service-partnerName ProductDetailsWrapper_partnerNameEmpty__c5rTb search-service-partnerNameEmpty"></div><div class="ProductDetailsWrapper_productTitleWrapper__nJ1Fr search-service-productTitleWrapper"><h4 class="ProductDetailsWrapper_productTitle__XjgsA search-service-productTitle" id="13-4000930585048-rewe-online-services|48466001-231011-product-title"><div class="LinesEllipsis  ">Ponnath Prosciutto Cotto 150g<wbr/></div></h4></div><div class="ProductGrammage_productGrammage__fMOJr search-service-productGrammage"><div>150g (1 kg = 19,93 €)</div></div><div class="search-service-productDetailsFill ProductDetailsWrapper_productDetailsFill__TNboB"></div><div><div class="search-service-productOffer BulkDiscountElements_productOffer__e9Jxc"><div class="search-service-productOfferFirstLine BulkDiscountElements_productOfferFirstLine__r2Dx1"><div class="search-service-BulkDiscountPromotionText BulkDiscountElements_BulkDiscountPromotionText__YuLkM">Ab 3 Stück 5% sparen</div></div><div class="search-service-productOfferSecondLine BulkDiscountElements_productOfferSecondLine___syNJ"><div class="search-service-productPrice BulkDiscountElements_productPrice__gz_76">2,99 €</div></div></div></div></div></a></div><div class="search-service-basketButtons Product_basketButtons__SYAkC"><div class="search-service-ProductActions ProductActions_ProductActions__D_l5E"><meso-data data-listingid="13-4000930585048-rewe-online-services|48466001-231011" data-productid="2231617" data-orderlimit="99" data-amount="1" data-context="product-list-category"><div class="search-service-addToCartHandlerWrapper Add2CartHandler_addToCartHandlerWrapper__bvELT"><div class="bs_add2cart_container"><div class="bs_shopping_list_wrapper"><div class="lrms-favorite-button-container"></div><script type="application/json" class="favoritebutton-propstore">{"additionalUiData":{"assetBaseUrl":"https://shop.rewe-static.de/rewe-myproducts/b0c5748b220aaf8bd2a2aed167bba4ca9b3027d0","staticAssetBaseUrl":"https://shop.rewe-static.de/rewe-myproducts","favoritesBaseUrl":"/api/favorites","anonymousFavoritesBaseUrl":"/api/anonymousfavorites"},"testgroups":["prefilled-basket-myproducts"],"togglz":[]}</script></div><div class="bs_amount-handler bs_add2cart bs_amount-zero" data-is-initialized="false"><button class="basket-button bs_amount-minus basket_ripple" disabled></button><input type="number" pattern="[0-9]*" value="0" class="basket-input bs_amount-input" autocomplete="off"><button class="basket-button bs_amount-plus basket_ripple" aria-label="Produkt zum Warenkorb hinzufügen"></button></div></div><script type="text/javascript">
                    if (!window.ReweBasket) {
                        window.ReweBasket = {}
                    }
                </script><script type="text/javascript">
                    (function () {
                      var event = 'basket:addToBasketbuttonV2Render';
                      var customEvent;
                      var data = {};
                      if (typeof CustomEvent === 'function') {
                          customEvent = new CustomEvent(event, {detail: data});
                      } else {
                          customEvent = document.createEvent('CustomEvent');
                          customEvent.initCustomEvent(event, false, false, data);
                      }
                      document.dispatchEvent(customEvent);
                    })();
                </script></div></meso-data></div></div></div><div class="search-service-product Product_product__maAwA" aria-labelledby="8-6BMDHAQD-rewe-online-services|48466001-231011-product-title"><div><input type="hidden" name="nan" value="8731702" /><input type="hidden" name="listingId" value="8-6BMDHAQD-rewe-online-services|48466001-231011" /></div><div class="search-service-productDetailsWrapper Product_productDetailsWrapper__bX_s8"><a class="search-service-productDetailsLink Product_productDetailsLink__hXXfb" href="/p/rewe-regional-haehnchenbrustfilet-550g/8731702"><div class="search-service-pictureWrapper ProductMediaWrapper_pictureWrapper__ZHKoX"><div class="ProductMediaWrapper_regionalBadge__iWNkT">Regional</div><div class="search-service-productPicture ProductMediaWrapper_productPicture__OXMYf"><div class="search-service-rsProductsMedia ProductMedia_rsProductsMedia__TgDb_"><picture><source srcSet="https://img.rewe-static.de/8731702/37248202_digital-image.png?resize=152px:152px&amp;output-quality=80&amp;output-format=webp&amp;im=BackgroundColor,color=fffff 152w, https://img.rewe-static.de/8731702/37248202_digital-image.png?resize=304px:304px&amp;output-quality=80&amp;output-format=webp&amp;im=BackgroundColor,color=fffff 304w, https://img.rewe-static.de/8731702/37248202_digital-image.png?resize=456px:456px&amp;output-quality=80&amp;output-format=webp&amp;im=BackgroundColor,color=fffff 456w, https://img.rewe-static.de/8731702/37248202_digital-image.png?resize=88px:88px&amp;output-quality=80&amp;output-format=webp&amp;im=BackgroundColor,color=fffff 88w, https://img.rewe-static.de/8731702/37248202_digital-image.png?resize=176px:176px&amp;output-quality=80&amp;output-format=webp&amp;im=BackgroundColor,color=fffff 176w, https://img.rewe-static.de/8731702/37248202_digital-image.png?resize=264px:264px&amp;output-quality=80&amp;output-format=webp&amp;im=BackgroundColor,color=fffff 264w" sizes="(min-width: 580px) 152px, 88px" type="image/webp" /><source srcSet="https://img.rewe-static.de/8731702/37248202_digital-image.png?resize=152px:152px&amp;output-quality=80&amp;output-format=jpeg2000&amp;im=BackgroundColor,color=fffff 152w, https://img.rewe-static.de/8731702/37248202_digital-image.png?resize=304px:304px&amp;output-quality=80&amp;output-format=jpeg2000&amp;im=BackgroundColor,color=fffff 304w, https://img.rewe-static.de/8731702/37248202_digital-image.png?resize=456px:456px&amp;output-quality=80&amp;output-format=jpeg2000&amp;im=BackgroundColor,color=fffff 456w, https://img.rewe-static.de/8731702/37248202_digital-image.png?resize=88px:88px&amp;output-quality=80&amp;output-format=jpeg2000&amp;im=BackgroundColor,color=fffff 88w, https://img.rewe-static.de/8731702/37248202_digital-image.png?resize=176px:176px&amp;output-quality=80&amp;output-format=jpeg2000&amp;im=BackgroundColor,color=fffff 176w, https://img.rewe-static.de/8731702/37248202_digital-image.png?resize=264px:264px&amp;output-quality=80&amp;output-format=jpeg2000&amp;im=BackgroundColor,color=fffff 264w" sizes="(min-width: 580px) 152px, 88px" type="image/jp2" /><source srcSet="https://img.rewe-static.de/8731702/37248202_digital-image.png?resize=152px:152px&amp;output-quality=80&amp;output-format=jpeg&amp;im=BackgroundColor,color=fffff 152w, https://img.rewe-static.de/8731702/37248202_digital-image.png?resize=304px:304px&amp;output-quality=80&amp;output-format=jpeg&amp;im=BackgroundColor,color=fffff 304w, https://img.rewe-static.de/8731702/37248202_digital-image.png?resize=456px:456px&amp;output-quality=80&amp;output-format=jpeg&amp;im=BackgroundColor,color=fffff 456w, https://img.rewe-static.de/8731702/37248202_digital-image.png?resize=88px:88px&amp;output-quality=80&amp;output-format=jpeg&amp;im=BackgroundColor,color=fffff 88w, https://img.rewe-static.de/8731702/37248202_digital-image.png?resize=176px:176px&amp;output-quality=80&amp;output-format=jpeg&amp;im=BackgroundColor,color=fffff 176w, https://img.rewe-static.de/8731702/37248202_digital-image.png?resize=264px:264px&amp;output-quality=80&amp;output-format=jpeg&amp;im=BackgroundColor,color=fffff 264w" sizes="(min-width: 580px) 152px, 88px" /><img src="https://img.rewe-static.de/8731702/37248202_digital-image.png?resize=152px:152px&amp;output-quality=80&amp;output-format=jpeg&amp;im=BackgroundColor,color=fffff" width="152" height="152" alt="REWE Regional Hähnchenbrustfilet 550g" loading="lazy" /></picture></div></div><div class="BadgesContainer_productBadges__mIOO1 search-service-productBadges"></div></div><div class="ProductDetailsWrapper_productDetails__7vI_z search-service-productDetails"><div class="ProductDetailsWrapper_partnerName__CqluS search-service-partnerName ProductDetailsWrapper_partnerNameEmpty__c5rTb search-service-partnerNameEmpty"></div><div class="ProductDetailsWrapper_productTitleWrapper__nJ1Fr search-service-productTitleWrapper"><h4 class="ProductDetailsWrapper_productTitle__XjgsA search-service-productTitle" id="8-6BMDHAQD-rewe-online-services|48466001-231011-product-title"><div class="LinesEllipsis  ">REWE Regional Hähnchenbrustfilet 550g<wbr/></div></h4></div><div class="ProductGrammage_productGrammage__fMOJr search-service-productGrammage"><div>550g (1 kg = 12,71 €)</div></div><div class="search-service-productDetailsFill ProductDetailsWrapper_productDetailsFill__TNboB"></div><div><div class="search-service-productPrice ProductPriceDisplay_productPrice__pqWxK">6,99 €</div></div></div></a></div><div class="search-service-basketButtons Product_basketButtons__SYAkC"><div class="search-service-ProductActions ProductActions_ProductActions__D_l5E"><meso-data data-listingid="8-6BMDHAQD-rewe-online-services|48466001-231011" data-productid="8731702" data-orderlimit="99" data-amount="1" data-context="product-list-category"><div class="search-service-addToCartHandlerWrapper Add2CartHandler_addToCartHandlerWrapper__bvELT"><div class="bs_add2cart_container"><div class="bs_shopping_list_wrapper"><div class="lrms-favorite-button-container"></div><script type="application/json" class="favoritebutton-propstore">{"additionalUiData":{"assetBaseUrl":"https://shop.rewe-static.de/rewe-myproducts/b0c5748b220aaf8bd2a2aed167bba4ca9b3027d0","staticAssetBaseUrl":"https://shop.rewe-static.de/rewe-myproducts","favoritesBaseUrl":"/api/favorites","anonymousFavoritesBaseUrl":"/api/anonymousfavorites"},"testgroups":["prefilled-basket-myproducts"],"togglz":[]}</script></div><div class="bs_amount-handler bs_add2cart bs_amount-zero" data-is-initialized="false"><button class="basket-button bs_amount-minus basket_ripple" disabled></button><input type="number" pattern="[0-9]*" value="0" class="basket-input bs_amount-input" autocomplete="off"><button class="basket-button bs_amount-plus basket_ripple" aria-label="Produkt zum Warenkorb hinzufügen"></button></div></div><script type="text/javascript">
                    if (!window.ReweBasket) {
                        window.ReweBasket = {}
                    }
                </script><script type="text/javascript">
                    (function () {
                      var event = 'basket:addToBasketbuttonV2Render';
                      var customEvent;
                      var data = {};
                      if (typeof CustomEvent === 'function') {
                          customEvent = new CustomEvent(event, {detail: data});
                      } else {
                          customEvent = document.createEvent('CustomEvent');
                          customEvent.initCustomEvent(event, false, false, data);
                      }
                      document.dispatchEvent(customEvent);
                    })();
                </script></div></meso-data></div></div></div><div class="search-service-product Product_product__maAwA" aria-labelledby="8-C40R91U0-rewe-online-services|48466001-231011-product-title"><div><input type="hidden" name="nan" value="141114" /><input type="hidden" name="listingId" value="8-C40R91U0-rewe-online-services|48466001-231011" /></div><div class="search-service-productDetailsWrapper Product_productDetailsWrapper__bX_s8"><a class="search-service-productDetailsLink Product_productDetailsLink__hXXfb" href="/p/rewe-beste-wahl-delikatess-metzgerschinken-150g/141114"><div class="search-service-pictureWrapper ProductMediaWrapper_pictureWrapper__ZHKoX"><div class="search-service-productPicture ProductMediaWrapper_productPicture__OXMYf"><div class="search-service-rsProductsMedia ProductMedia_rsProductsMedia__TgDb_"><picture><source srcSet="https://img.rewe-static.de/0141114/20251696_digital-image.png?resize=152px:152px&amp;output-quality=80&amp;output-format=webp&amp;im=BackgroundColor,color=fffff 152w, https://img.rewe-static.de/0141114/20251696_digital-image.png?resize=304px:304px&amp;output-quality=80&amp;output-format=webp&amp;im=BackgroundColor,color=fffff 304w, https://img.rewe-static.de/0141114/20251696_digital-image.png?resize=456px:456px&amp;output-quality=80&amp;output-format=webp&amp;im=BackgroundColor,color=fffff 456w, https://img.rewe-static.de/0141114/20251696_digital-image.png?resize=88px:88px&amp;output-quality=80&amp;output-format=webp&amp;im=BackgroundColor,color=fffff 88w, https://img.rewe-static.de/0141114/20251696_digital-image.png?resize=176px:176px&amp;output-quality=80&amp;output-format=webp&amp;im=BackgroundColor,color=fffff 176w, https://img.rewe-static.de/0141114/20251696_digital-image.png?resize=264px:264px&amp;output-quality=80&amp;output-format=webp&amp;im=BackgroundColor,color=fffff 264w" sizes="(min-width: 580px) 152px, 88px" type="image/webp" /><source srcSet="https://img.rewe-static.de/0141114/20251696_digital-image.png?resize=152px:152px&amp;output-quality=80&amp;output-format=jpeg2000&amp;im=BackgroundColor,color=fffff 152w, https://img.rewe-static.de/0141114/20251696_digital-image.png?resize=304px:304px&amp;output-quality=80&amp;output-format=jpeg2000&amp;im=BackgroundColor,color=fffff 304w, https://img.rewe-static.de/0141114/20251696_digital-image.png?resize=456px:456px&amp;output-quality=80&amp;output-format=jpeg2000&amp;im=BackgroundColor,color=fffff 456w, https://img.rewe-static.de/0141114/20251696_digital-image.png?resize=88px:88px&amp;output-quality=80&amp;output-format=jpeg2000&amp;im=BackgroundColor,color=fffff 88w, https://img.rewe-static.de/0141114/20251696_digital-image.png?resize=176px:176px&amp;output-quality=80&amp;output-format=jpeg2000&amp;im=BackgroundColor,color=fffff 176w, https://img.rewe-static.de/0141114/20251696_digital-image.png?resize=264px:264px&amp;output-quality=80&amp;output-format=jpeg2000&amp;im=BackgroundColor,color=fffff 264w" sizes="(min-width: 580px) 152px, 88px" type="image/jp2" /><source srcSet="https://img.rewe-static.de/0141114/20251696_digital-image.png?resize=152px:152px&amp;output-quality=80&amp;output-format=jpeg&amp;im=BackgroundColor,color=fffff 152w, https://img.rewe-static.de/0141114/20251696_digital-image.png?resize=304px:304px&amp;output-quality=80&amp;output-format=jpeg&amp;im=BackgroundColor,color=fffff 304w, https://img.rewe-static.de/0141114/20251696_digital-image.png?resize=456px:456px&amp;output-quality=80&amp;output-format=jpeg&amp;im=BackgroundColor,color=fffff 456w, https://img.rewe-static.de/0141114/20251696_digital-image.png?resize=88px:88px&amp;output-quality=80&amp;output-format=jpeg&amp;im=BackgroundColor,color=fffff 88w, https://img.rewe-static.de/0141114/20251696_digital-image.png?resize=176px:176px&amp;output-quality=80&amp;output-format=jpeg&amp;im=BackgroundColor,color=fffff 176w, https://img.rewe-static.de/0141114/20251696_digital-image.png?resize=264px:264px&amp;output-quality=80&amp;output-format=jpeg&amp;im=BackgroundColor,color=fffff 264w" sizes="(min-width: 580px) 152px, 88px" /><img src="https://img.rewe-static.de/0141114/20251696_digital-image.png?resize=152px:152px&amp;output-quality=80&amp;output-format=jpeg&amp;im=BackgroundColor,color=fffff" width="152" height="152" alt="REWE Beste Wahl Delikatess-Metzgerschinken 150g" loading="lazy" /></picture></div></div><div class="BadgesContainer_productBadges__mIOO1 search-service-productBadges"></div></div><div class="ProductDetailsWrapper_productDetails__7vI_z search-service-productDetails"><div class="ProductDetailsWrapper_partnerName__CqluS search-service-partnerName ProductDetailsWrapper_partnerNameEmpty__c5rTb search-service-partnerNameEmpty"></div><div class="ProductDetailsWrapper_productTitleWrapper__nJ1Fr search-service-productTitleWrapper"><h4 class="ProductDetailsWrapper_productTitle__XjgsA search-service-productTitle" id="8-C40R91U0-rewe-online-services|48466001-231011-product-title"><div class="LinesEllipsis  ">REWE Beste Wahl Delikatess-Metzgerschinken 150g<wbr/></div></h4></div><div class="ProductGrammage_productGrammage__fMOJr search-service-productGrammage"><div>150g (1 kg = 19,93 €)</div></div><div class="search-service-productDetailsFill ProductDetailsWrapper_productDetailsFill__TNboB"></div><div><div class="search-service-productOffer BulkDiscountElements_productOffer__e9Jxc"><div class="search-service-productOfferFirstLine BulkDiscountElements_productOfferFirstLine__r2Dx1"><div class="search-service-BulkDiscountPromotionText BulkDiscountElements_BulkDiscountPromotionText__YuLkM">Ab 3 Stück 5% sparen</div></div><div class="search-service-productOfferSecondLine BulkDiscountElements_productOfferSecondLine___syNJ"><div class="search-service-productPrice BulkDiscountElements_productPrice__gz_76">2,99 €</div></div></div></div></div></a></div><div class="search-service-basketButtons Product_basketButtons__SYAkC"><div class="search-service-ProductActions ProductActions_ProductActions__D_l5E"><meso-data data-listingid="8-C40R91U0-rewe-online-services|48466001-231011" data-productid="141114" data-orderlimit="99" data-amount="1" data-context="product-list-category"><div class="search-service-addToCartHandlerWrapper Add2CartHandler_addToCartHandlerWrapper__bvELT"><div class="bs_add2cart_container"><div class="bs_shopping_list_wrapper"><div class="lrms-favorite-button-container"></div><script type="application/json" class="favoritebutton-propstore">{"additionalUiData":{"assetBaseUrl":"https://shop.rewe-static.de/rewe-myproducts/b0c5748b220aaf8bd2a2aed167bba4ca9b3027d0","staticAssetBaseUrl":"https://shop.rewe-static.de/rewe-myproducts","favoritesBaseUrl":"/api/favorites","anonymousFavoritesBaseUrl":"/api/anonymousfavorites"},"testgroups":["prefilled-basket-myproducts"],"togglz":[]}</script></div><div class="bs_amount-handler bs_add2cart bs_amount-zero" data-is-initialized="false"><button class="basket-button bs_amount-minus basket_ripple" disabled></button><input type="number" pattern="[0-9]*" value="0" class="basket-input bs_amount-input" autocomplete="off"><button class="basket-button bs_amount-plus basket_ripple" aria-label="Produkt zum Warenkorb hinzufügen"></button></div></div><script type="text/javascript">
                    if (!window.ReweBasket) {
                        window.ReweBasket = {}
                    }
                </script><script type="text/javascript">
                    (function () {
                      var event = 'basket:addToBasketbuttonV2Render';
                      var customEvent;
                      var data = {};
                      if (typeof CustomEvent === 'function') {
                          customEvent = new CustomEvent(event, {detail: data});
                      } else {
                          customEvent = document.createEvent('CustomEvent');
                          customEvent.initCustomEvent(event, false, false, data);
                      }
                      document.dispatchEvent(customEvent);
                    })();
                </script></div></meso-data></div></div></div><div class="search-service-product Product_product__maAwA" aria-labelledby="13-4337256202992-rewe-online-services|48466001-231011-product-title"><div><input type="hidden" name="nan" value="206057" /><input type="hidden" name="listingId" value="13-4337256202992-rewe-online-services|48466001-231011" /></div><div class="search-service-productDetailsWrapper Product_productDetailsWrapper__bX_s8"><a class="search-service-productDetailsLink Product_productDetailsLink__hXXfb" href="/p/rewe-bio-salami-70g/206057"><div class="search-service-pictureWrapper ProductMediaWrapper_pictureWrapper__ZHKoX"><div class="search-service-productPicture ProductMediaWrapper_productPicture__OXMYf"><div class="search-service-rsProductsMedia ProductMedia_rsProductsMedia__TgDb_"><picture><source srcSet="https://img.rewe-static.de/0206057/2052750_digital-image.png?resize=152px:152px&amp;output-quality=80&amp;output-format=webp&amp;im=BackgroundColor,color=fffff 152w, https://img.rewe-static.de/0206057/2052750_digital-image.png?resize=304px:304px&amp;output-quality=80&amp;output-format=webp&amp;im=BackgroundColor,color=fffff 304w, https://img.rewe-static.de/0206057/2052750_digital-image.png?resize=456px:456px&amp;output-quality=80&amp;output-format=webp&amp;im=BackgroundColor,color=fffff 456w, https://img.rewe-static.de/0206057/2052750_digital-image.png?resize=88px:88px&amp;output-quality=80&amp;output-format=webp&amp;im=BackgroundColor,color=fffff 88w, https://img.rewe-static.de/0206057/2052750_digital-image.png?resize=176px:176px&amp;output-quality=80&amp;output-format=webp&amp;im=BackgroundColor,color=fffff 176w, https://img.rewe-static.de/0206057/2052750_digital-image.png?resize=264px:264px&amp;output-quality=80&amp;output-format=webp&amp;im=BackgroundColor,color=fffff 264w" sizes="(min-width: 580px) 152px, 88px" type="image/webp" /><source srcSet="https://img.rewe-static.de/0206057/2052750_digital-image.png?resize=152px:152px&amp;output-quality=80&amp;output-format=jpeg2000&amp;im=BackgroundColor,color=fffff 152w, https://img.rewe-static.de/0206057/2052750_digital-image.png?resize=304px:304px&amp;output-quality=80&amp;output-format=jpeg2000&amp;im=BackgroundColor,color=fffff 304w, https://img.rewe-static.de/0206057/2052750_digital-image.png?resize=456px:456px&amp;output-quality=80&amp;output-format=jpeg2000&amp;im=BackgroundColor,color=fffff 456w, https://img.rewe-static.de/0206057/2052750_digital-image.png?resize=88px:88px&amp;output-quality=80&amp;output-format=jpeg2000&amp;im=BackgroundColor,color=fffff 88w, https://img.rewe-static.de/0206057/2052750_digital-image.png?resize=176px:176px&amp;output-quality=80&amp;output-format=jpeg2000&amp;im=BackgroundColor,color=fffff 176w, https://img.rewe-static.de/0206057/2052750_digital-image.png?resize=264px:264px&amp;output-quality=80&amp;output-format=jpeg2000&amp;im=BackgroundColor,color=fffff 264w" sizes="(min-width: 580px) 152px, 88px" type="image/jp2" /><source srcSet="https://img.rewe-static.de/0206057/2052750_digital-image.png?resize=152px:152px&amp;output-quality=80&amp;output-format=jpeg&amp;im=BackgroundColor,color=fffff 152w, https://img.rewe-static.de/0206057/2052750_digital-image.png?resize=304px:304px&amp;output-quality=80&amp;output-format=jpeg&amp;im=BackgroundColor,color=fffff 304w, https://img.rewe-static.de/0206057/2052750_digital-image.png?resize=456px:456px&amp;output-quality=80&amp;output-format=jpeg&amp;im=BackgroundColor,color=fffff 456w, https://img.rewe-static.de/0206057/2052750_digital-image.png?resize=88px:88px&amp;output-quality=80&amp;output-format=jpeg&amp;im=BackgroundColor,color=fffff 88w, https://img.rewe-static.de/0206057/2052750_digital-image.png?resize=176px:176px&amp;output-quality=80&amp;output-format=jpeg&amp;im=BackgroundColor,color=fffff 176w, https://img.rewe-static.de/0206057/2052750_digital-image.png?resize=264px:264px&amp;output-quality=80&amp;output-format=jpeg&amp;im=BackgroundColor,color=fffff 264w" sizes="(min-width: 580px) 152px, 88px" /><img src="https://img.rewe-static.de/0206057/2052750_digital-image.png?resize=152px:152px&amp;output-quality=80&amp;output-format=jpeg&amp;im=BackgroundColor,color=fffff" width="152" height="152" alt="REWE Bio Salami 70g" loading="lazy" /></picture></div></div><div class="BadgesContainer_productBadges__mIOO1 search-service-productBadges"><div class="badge_style_organicBadge__kj91r badge_style_badgeItem__vUyhV search-service-organicBadge search-service-badgeItem"></div></div></div><div class="ProductDetailsWrapper_productDetails__7vI_z search-service-productDetails"><div class="ProductDetailsWrapper_partnerName__CqluS search-service-partnerName ProductDetailsWrapper_partnerNameEmpty__c5rTb search-service-partnerNameEmpty"></div><div class="ProductDetailsWrapper_productTitleWrapper__nJ1Fr search-service-productTitleWrapper"><h4 class="ProductDetailsWrapper_productTitle__XjgsA search-service-productTitle" id="13-4337256202992-rewe-online-services|48466001-231011-product-title"><div class="LinesEllipsis  ">REWE Bio Salami 70g<wbr/></div></h4></div><div class="ProductGrammage_productGrammage__fMOJr search-service-productGrammage"><div>70g (1 kg = 27 €)</div></div><div class="search-service-productDetailsFill ProductDetailsWrapper_productDetailsFill__TNboB"></div><div><div class="search-service-productOffer BulkDiscountElements_productOffer__e9Jxc"><div class="search-service-productOfferFirstLine BulkDiscountElements_productOfferFirstLine__r2Dx1"><div class="search-service-BulkDiscountPromotionText BulkDiscountElements_BulkDiscountPromotionText__YuLkM">Ab 3 Stück 5% sparen</div></div><div class="search-service-productOfferSecondLine BulkDiscountElements_productOfferSecondLine___syNJ"><div class="search-service-productPrice BulkDiscountElements_productPrice__gz_76">1,89 €</div></div></div></div></div></a></div><div class="search-service-basketButtons Product_basketButtons__SYAkC"><div class="search-service-ProductActions ProductActions_ProductActions__D_l5E"><meso-data data-listingid="13-4337256202992-rewe-online-services|48466001-231011" data-productid="206057" data-orderlimit="99" data-amount="1" data-context="product-list-category"><div class="search-service-addToCartHandlerWrapper Add2CartHandler_addToCartHandlerWrapper__bvELT"><div class="bs_add2cart_container"><div class="bs_shopping_list_wrapper"><div class="lrms-favorite-button-container"></div><script type="application/json" class="favoritebutton-propstore">{"additionalUiData":{"assetBaseUrl":"https://shop.rewe-static.de/rewe-myproducts/b0c5748b220aaf8bd2a2aed167bba4ca9b3027d0","staticAssetBaseUrl":"https://shop.rewe-static.de/rewe-myproducts","favoritesBaseUrl":"/api/favorites","anonymousFavoritesBaseUrl":"/api/anonymousfavorites"},"testgroups":["prefilled-basket-myproducts"],"togglz":[]}</script></div><div class="bs_amount-handler bs_add2cart bs_amount-zero" data-is-initialized="false"><button class="basket-button bs_amount-minus basket_ripple" disabled></button><input type="number" pattern="[0-9]*" value="0" class="basket-input bs_amount-input" autocomplete="off"><button class="basket-button bs_amount-plus basket_ripple" aria-label="Produkt zum Warenkorb hinzufügen"></button></div></div><script type="text/javascript">
                    if (!window.ReweBasket) {
                        window.ReweBasket = {}
                    }
                </script><script type="text/javascript">
                    (function () {
                      var event = 'basket:addToBasketbuttonV2Render';
                      var customEvent;
                      var data = {};
                      if (typeof CustomEvent === 'function') {
                          customEvent = new CustomEvent(event, {detail: data});
                      } else {
                          customEvent = document.createEvent('CustomEvent');
                          customEvent.initCustomEvent(event, false, false, data);
                      }
                      document.dispatchEvent(customEvent);
                    })();
                </script></div></meso-data></div></div></div><div class="search-service-product Product_product__maAwA" aria-labelledby="8-2DD2FK51-rewe-online-services|48466001-231011-product-title"><div><input type="hidden" name="nan" value="8766406" /><input type="hidden" name="listingId" value="8-2DD2FK51-rewe-online-services|48466001-231011" /></div><div class="search-service-productDetailsWrapper Product_productDetailsWrapper__bX_s8"><a class="search-service-productDetailsLink Product_productDetailsLink__hXXfb" href="/p/rewe-regional-rinderhackfleisch-500g/8766406"><div class="search-service-pictureWrapper ProductMediaWrapper_pictureWrapper__ZHKoX"><div class="ProductMediaWrapper_regionalBadge__iWNkT">Regional</div><div class="search-service-productPicture ProductMediaWrapper_productPicture__OXMYf"><div class="search-service-rsProductsMedia ProductMedia_rsProductsMedia__TgDb_"><picture><source srcSet="https://img.rewe-static.de/8766406/36713101_digital-image.png?resize=152px:152px&amp;output-quality=80&amp;output-format=webp&amp;im=BackgroundColor,color=fffff 152w, https://img.rewe-static.de/8766406/36713101_digital-image.png?resize=304px:304px&amp;output-quality=80&amp;output-format=webp&amp;im=BackgroundColor,color=fffff 304w, https://img.rewe-static.de/8766406/36713101_digital-image.png?resize=456px:456px&amp;output-quality=80&amp;output-format=webp&amp;im=BackgroundColor,color=fffff 456w, https://img.rewe-static.de/8766406/36713101_digital-image.png?resize=88px:88px&amp;output-quality=80&amp;output-format=webp&amp;im=BackgroundColor,color=fffff 88w, https://img.rewe-static.de/8766406/36713101_digital-image.png?resize=176px:176px&amp;output-quality=80&amp;output-format=webp&amp;im=BackgroundColor,color=fffff 176w, https://img.rewe-static.de/8766406/36713101_digital-image.png?resize=264px:264px&amp;output-quality=80&amp;output-format=webp&amp;im=BackgroundColor,color=fffff 264w" sizes="(min-width: 580px) 152px, 88px" type="image/webp" /><source srcSet="https://img.rewe-static.de/8766406/36713101_digital-image.png?resize=152px:152px&amp;output-quality=80&amp;output-format=jpeg2000&amp;im=BackgroundColor,color=fffff 152w, https://img.rewe-static.de/8766406/36713101_digital-image.png?resize=304px:304px&amp;output-quality=80&amp;output-format=jpeg2000&amp;im=BackgroundColor,color=fffff 304w, https://img.rewe-static.de/8766406/36713101_digital-image.png?resize=456px:456px&amp;output-quality=80&amp;output-format=jpeg2000&amp;im=BackgroundColor,color=fffff 456w, https://img.rewe-static.de/8766406/36713101_digital-image.png?resize=88px:88px&amp;output-quality=80&amp;output-format=jpeg2000&amp;im=BackgroundColor,color=fffff 88w, https://img.rewe-static.de/8766406/36713101_digital-image.png?resize=176px:176px&amp;output-quality=80&amp;output-format=jpeg2000&amp;im=BackgroundColor,color=fffff 176w, https://img.rewe-static.de/8766406/36713101_digital-image.png?resize=264px:264px&amp;output-quality=80&amp;output-format=jpeg2000&amp;im=BackgroundColor,color=fffff 264w" sizes="(min-width: 580px) 152px, 88px" type="image/jp2" /><source srcSet="https://img.rewe-static.de/8766406/36713101_digital-image.png?resize=152px:152px&amp;output-quality=80&amp;output-format=jpeg&amp;im=BackgroundColor,color=fffff 152w, https://img.rewe-static.de/8766406/36713101_digital-image.png?resize=304px:304px&amp;output-quality=80&amp;output-format=jpeg&amp;im=BackgroundColor,color=fffff 304w, https://img.rewe-static.de/8766406/36713101_digital-image.png?resize=456px:456px&amp;output-quality=80&amp;output-format=jpeg&amp;im=BackgroundColor,color=fffff 456w, https://img.rewe-static.de/8766406/36713101_digital-image.png?resize=88px:88px&amp;output-quality=80&amp;output-format=jpeg&amp;im=BackgroundColor,color=fffff 88w, https://img.rewe-static.de/8766406/36713101_digital-image.png?resize=176px:176px&amp;output-quality=80&amp;output-format=jpeg&amp;im=BackgroundColor,color=fffff 176w, https://img.rewe-static.de/8766406/36713101_digital-image.png?resize=264px:264px&amp;output-quality=80&amp;output-format=jpeg&amp;im=BackgroundColor,color=fffff 264w" sizes="(min-width: 580px) 152px, 88px" /><img src="https://img.rewe-static.de/8766406/36713101_digital-image.png?resize=152px:152px&amp;output-quality=80&amp;output-format=jpeg&amp;im=BackgroundColor,color=fffff" width="152" height="152" alt="REWE Regional Rinderhackfleisch 500g" loading="lazy" /></picture></div></div><div class="BadgesContainer_productBadges__mIOO1 search-service-productBadges"></div></div><div class="ProductDetailsWrapper_productDetails__7vI_z search-service-productDetails"><div class="ProductDetailsWrapper_partnerName__CqluS search-service-partnerName ProductDetailsWrapper_partnerNameEmpty__c5rTb search-service-partnerNameEmpty"></div><div class="ProductDetailsWrapper_productTitleWrapper__nJ1Fr search-service-productTitleWrapper"><h4 class="ProductDetailsWrapper_productTitle__XjgsA search-service-productTitle" id="8-2DD2FK51-rewe-online-services|48466001-231011-product-title"><div class="LinesEllipsis  ">REWE Regional Rinderhackfleisch 500g<wbr/></div></h4></div><div class="ProductGrammage_productGrammage__fMOJr search-service-productGrammage"><div>500g (1 kg = 11,96 €)</div></div><div class="search-service-productDetailsFill ProductDetailsWrapper_productDetailsFill__TNboB"></div><div><div class="search-service-productPrice ProductPriceDisplay_productPrice__pqWxK">5,98 €</div></div></div></a></div><div class="search-service-basketButtons Product_basketButtons__SYAkC"><div class="search-service-ProductActions ProductActions_ProductActions__D_l5E"><meso-data data-listingid="8-2DD2FK51-rewe-online-services|48466001-231011" data-productid="8766406" data-orderlimit="99" data-amount="1" data-context="product-list-category"><div class="search-service-addToCartHandlerWrapper Add2CartHandler_addToCartHandlerWrapper__bvELT"><div class="bs_add2cart_container"><div class="bs_shopping_list_wrapper"><div class="lrms-favorite-button-container"></div><script type="application/json" class="favoritebutton-propstore">{"additionalUiData":{"assetBaseUrl":"https://shop.rewe-static.de/rewe-myproducts/b0c5748b220aaf8bd2a2aed167bba4ca9b3027d0","staticAssetBaseUrl":"https://shop.rewe-static.de/rewe-myproducts","favoritesBaseUrl":"/api/favorites","anonymousFavoritesBaseUrl":"/api/anonymousfavorites"},"testgroups":["prefilled-basket-myproducts"],"togglz":[]}</script></div><div class="bs_amount-handler bs_add2cart bs_amount-zero" data-is-initialized="false"><button class="basket-button bs_amount-minus basket_ripple" disabled></button><input type="number" pattern="[0-9]*" value="0" class="basket-input bs_amount-input" autocomplete="off"><button class="basket-button bs_amount-plus basket_ripple" aria-label="Produkt zum Warenkorb hinzufügen"></button></div></div><script type="text/javascript">
                    if (!window.ReweBasket) {
                        window.ReweBasket = {}
                    }
                </script><script type="text/javascript">
                    (function () {
                      var event = 'basket:addToBasketbuttonV2Render';
                      var customEvent;
                      var data = {};
                      if (typeof CustomEvent === 'function') {
                          customEvent = new CustomEvent(event, {detail: data});
                      } else {
                          customEvent = document.createEvent('CustomEvent');
                          customEvent.initCustomEvent(event, false, false, data);
                      }
                      document.dispatchEvent(customEvent);
                    })();
                </script></div></meso-data></div></div></div><div class="search-service-product Product_product__maAwA" aria-labelledby="8-C5L5MGCR-rewe-online-services|48466001-231011-product-title"><div><input type="hidden" name="nan" value="8730859" /><input type="hidden" name="listingId" value="8-C5L5MGCR-rewe-online-services|48466001-231011" /></div><div class="search-service-productDetailsWrapper Product_productDetailsWrapper__bX_s8"><a class="search-service-productDetailsLink Product_productDetailsLink__hXXfb" href="/p/rewe-regional-haehnchen-innenbrustfilet-350g/8730859"><div class="search-service-pictureWrapper ProductMediaWrapper_pictureWrapper__ZHKoX"><div class="ProductMediaWrapper_regionalBadge__iWNkT">Regional</div><div class="search-service-productPicture ProductMediaWrapper_productPicture__OXMYf"><div class="search-service-rsProductsMedia ProductMedia_rsProductsMedia__TgDb_"><picture><source srcSet="https://img.rewe-static.de/8730859/36096759_digital-image.png?resize=152px:152px&amp;output-quality=80&amp;output-format=webp&amp;im=BackgroundColor,color=fffff 152w, https://img.rewe-static.de/8730859/36096759_digital-image.png?resize=304px:304px&amp;output-quality=80&amp;output-format=webp&amp;im=BackgroundColor,color=fffff 304w, https://img.rewe-static.de/8730859/36096759_digital-image.png?resize=456px:456px&amp;output-quality=80&amp;output-format=webp&amp;im=BackgroundColor,color=fffff 456w, https://img.rewe-static.de/8730859/36096759_digital-image.png?resize=88px:88px&amp;output-quality=80&amp;output-format=webp&amp;im=BackgroundColor,color=fffff 88w, https://img.rewe-static.de/8730859/36096759_digital-image.png?resize=176px:176px&amp;output-quality=80&amp;output-format=webp&amp;im=BackgroundColor,color=fffff 176w, https://img.rewe-static.de/8730859/36096759_digital-image.png?resize=264px:264px&amp;output-quality=80&amp;output-format=webp&amp;im=BackgroundColor,color=fffff 264w" sizes="(min-width: 580px) 152px, 88px" type="image/webp" /><source srcSet="https://img.rewe-static.de/8730859/36096759_digital-image.png?resize=152px:152px&amp;output-quality=80&amp;output-format=jpeg2000&amp;im=BackgroundColor,color=fffff 152w, https://img.rewe-static.de/8730859/36096759_digital-image.png?resize=304px:304px&amp;output-quality=80&amp;output-format=jpeg2000&amp;im=BackgroundColor,color=fffff 304w, https://img.rewe-static.de/8730859/36096759_digital-image.png?resize=456px:456px&amp;output-quality=80&amp;output-format=jpeg2000&amp;im=BackgroundColor,color=fffff 456w, https://img.rewe-static.de/8730859/36096759_digital-image.png?resize=88px:88px&amp;output-quality=80&amp;output-format=jpeg2000&amp;im=BackgroundColor,color=fffff 88w, https://img.rewe-static.de/8730859/36096759_digital-image.png?resize=176px:176px&amp;output-quality=80&amp;output-format=jpeg2000&amp;im=BackgroundColor,color=fffff 176w, https://img.rewe-static.de/8730859/36096759_digital-image.png?resize=264px:264px&amp;output-quality=80&amp;output-format=jpeg2000&amp;im=BackgroundColor,color=fffff 264w" sizes="(min-width: 580px) 152px, 88px" type="image/jp2" /><source srcSet="https://img.rewe-static.de/8730859/36096759_digital-image.png?resize=152px:152px&amp;output-quality=80&amp;output-format=jpeg&amp;im=BackgroundColor,color=fffff 152w, https://img.rewe-static.de/8730859/36096759_digital-image.png?resize=304px:304px&amp;output-quality=80&amp;output-format=jpeg&amp;im=BackgroundColor,color=fffff 304w, https://img.rewe-static.de/8730859/36096759_digital-image.png?resize=456px:456px&amp;output-quality=80&amp;output-format=jpeg&amp;im=BackgroundColor,color=fffff 456w, https://img.rewe-static.de/8730859/36096759_digital-image.png?resize=88px:88px&amp;output-quality=80&amp;output-format=jpeg&amp;im=BackgroundColor,color=fffff 88w, https://img.rewe-static.de/8730859/36096759_digital-image.png?resize=176px:176px&amp;output-quality=80&amp;output-format=jpeg&amp;im=BackgroundColor,color=fffff 176w, https://img.rewe-static.de/8730859/36096759_digital-image.png?resize=264px:264px&amp;output-quality=80&amp;output-format=jpeg&amp;im=BackgroundColor,color=fffff 264w" sizes="(min-width: 580px) 152px, 88px" /><img src="https://img.rewe-static.de/8730859/36096759_digital-image.png?resize=152px:152px&amp;output-quality=80&amp;output-format=jpeg&amp;im=BackgroundColor,color=fffff" width="152" height="152" alt="REWE Regional Hähnchen Innenbrustfilet 350g" loading="lazy" /></picture></div></div><div class="BadgesContainer_productBadges__mIOO1 search-service-productBadges"></div></div><div class="ProductDetailsWrapper_productDetails__7vI_z search-service-productDetails"><div class="ProductDetailsWrapper_partnerName__CqluS search-service-partnerName ProductDetailsWrapper_partnerNameEmpty__c5rTb search-service-partnerNameEmpty"></div><div class="ProductDetailsWrapper_productTitleWrapper__nJ1Fr search-service-productTitleWrapper"><h4 class="ProductDetailsWrapper_productTitle__XjgsA search-service-productTitle" id="8-C5L5MGCR-rewe-online-services|48466001-231011-product-title"><div class="LinesEllipsis  ">REWE Regional Hähnchen Innenbrustfilet 350g<wbr/></div></h4></div><div class="ProductGrammage_productGrammage__fMOJr search-service-productGrammage"><div>350g (1 kg = 14,26 €)</div></div><div class="search-service-productDetailsFill ProductDetailsWrapper_productDetailsFill__TNboB"></div><div><div class="search-service-productPrice ProductPriceDisplay_productPrice__pqWxK">4,99 €</div></div></div></a></div><div class="search-service-basketButtons Product_basketButtons__SYAkC"><div class="search-service-ProductActions ProductActions_ProductActions__D_l5E"><meso-data data-listingid="8-C5L5MGCR-rewe-online-services|48466001-231011" data-productid="8730859" data-orderlimit="99" data-amount="1" data-context="product-list-category"><div class="search-service-addToCartHandlerWrapper Add2CartHandler_addToCartHandlerWrapper__bvELT"><div class="bs_add2cart_container"><div class="bs_shopping_list_wrapper"><div class="lrms-favorite-button-container"></div><script type="application/json" class="favoritebutton-propstore">{"additionalUiData":{"assetBaseUrl":"https://shop.rewe-static.de/rewe-myproducts/b0c5748b220aaf8bd2a2aed167bba4ca9b3027d0","staticAssetBaseUrl":"https://shop.rewe-static.de/rewe-myproducts","favoritesBaseUrl":"/api/favorites","anonymousFavoritesBaseUrl":"/api/anonymousfavorites"},"testgroups":["prefilled-basket-myproducts"],"togglz":[]}</script></div><div class="bs_amount-handler bs_add2cart bs_amount-zero" data-is-initialized="false"><button class="basket-button bs_amount-minus basket_ripple" disabled></button><input type="number" pattern="[0-9]*" value="0" class="basket-input bs_amount-input" autocomplete="off"><button class="basket-button bs_amount-plus basket_ripple" aria-label="Produkt zum Warenkorb hinzufügen"></button></div></div><script type="text/javascript">
                    if (!window.ReweBasket) {
                        window.ReweBasket = {}
                    }
                </script><script type="text/javascript">
                    (function () {
                      var event = 'basket:addToBasketbuttonV2Render';
                      var customEvent;
                      var data = {};
                      if (typeof CustomEvent === 'function') {
                          customEvent = new CustomEvent(event, {detail: data});
                      } else {
                          customEvent = document.createEvent('CustomEvent');
                          customEvent.initCustomEvent(event, false, false, data);
                      }
                      document.dispatchEvent(customEvent);
                    })();
                </script></div></meso-data></div></div></div><div class="search-service-product Product_product__maAwA" aria-labelledby="13-4013832370278-rewe-online-services|48466001-231011-product-title"><div><input type="hidden" name="nan" value="2909311" /><input type="hidden" name="listingId" value="13-4013832370278-rewe-online-services|48466001-231011" /></div><div class="search-service-productDetailsWrapper Product_productDetailsWrapper__bX_s8"><a class="search-service-productDetailsLink Product_productDetailsLink__hXXfb" href="/p/wolf-gelbwurst-100g/2909311"><div class="search-service-pictureWrapper ProductMediaWrapper_pictureWrapper__ZHKoX"><div class="search-service-productPicture ProductMediaWrapper_productPicture__OXMYf"><div class="search-service-rsProductsMedia ProductMedia_rsProductsMedia__TgDb_"><picture><source srcSet="https://img.rewe-static.de/2909311/25363222_digital-image.png?resize=152px:152px&amp;output-quality=80&amp;output-format=webp&amp;im=BackgroundColor,color=fffff 152w, https://img.rewe-static.de/2909311/25363222_digital-image.png?resize=304px:304px&amp;output-quality=80&amp;output-format=webp&amp;im=BackgroundColor,color=fffff 304w, https://img.rewe-static.de/2909311/25363222_digital-image.png?resize=456px:456px&amp;output-quality=80&amp;output-format=webp&amp;im=BackgroundColor,color=fffff 456w, https://img.rewe-static.de/2909311/25363222_digital-image.png?resize=88px:88px&amp;output-quality=80&amp;output-format=webp&amp;im=BackgroundColor,color=fffff 88w, https://img.rewe-static.de/2909311/25363222_digital-image.png?resize=176px:176px&amp;output-quality=80&amp;output-format=webp&amp;im=BackgroundColor,color=fffff 176w, https://img.rewe-static.de/2909311/25363222_digital-image.png?resize=264px:264px&amp;output-quality=80&amp;output-format=webp&amp;im=BackgroundColor,color=fffff 264w" sizes="(min-width: 580px) 152px, 88px" type="image/webp" /><source srcSet="https://img.rewe-static.de/2909311/25363222_digital-image.png?resize=152px:152px&amp;output-quality=80&amp;output-format=jpeg2000&amp;im=BackgroundColor,color=fffff 152w, https://img.rewe-static.de/2909311/25363222_digital-image.png?resize=304px:304px&amp;output-quality=80&amp;output-format=jpeg2000&amp;im=BackgroundColor,color=fffff 304w, https://img.rewe-static.de/2909311/25363222_digital-image.png?resize=456px:456px&amp;output-quality=80&amp;output-format=jpeg2000&amp;im=BackgroundColor,color=fffff 456w, https://img.rewe-static.de/2909311/25363222_digital-image.png?resize=88px:88px&amp;output-quality=80&amp;output-format=jpeg2000&amp;im=BackgroundColor,color=fffff 88w, https://img.rewe-static.de/2909311/25363222_digital-image.png?resize=176px:176px&amp;output-quality=80&amp;output-format=jpeg2000&amp;im=BackgroundColor,color=fffff 176w, https://img.rewe-static.de/2909311/25363222_digital-image.png?resize=264px:264px&amp;output-quality=80&amp;output-format=jpeg2000&amp;im=BackgroundColor,color=fffff 264w" sizes="(min-width: 580px) 152px, 88px" type="image/jp2" /><source srcSet="https://img.rewe-static.de/2909311/25363222_digital-image.png?resize=152px:152px&amp;output-quality=80&amp;output-format=jpeg&amp;im=BackgroundColor,color=fffff 152w, https://img.rewe-static.de/2909311/25363222_digital-image.png?resize=304px:304px&amp;output-quality=80&amp;output-format=jpeg&amp;im=BackgroundColor,color=fffff 304w, https://img.rewe-static.de/2909311/25363222_digital-image.png?resize=456px:456px&amp;output-quality=80&amp;output-format=jpeg&amp;im=BackgroundColor,color=fffff 456w, https://img.rewe-static.de/2909311/25363222_digital-image.png?resize=88px:88px&amp;output-quality=80&amp;output-format=jpeg&amp;im=BackgroundColor,color=fffff 88w, https://img.rewe-static.de/2909311/25363222_digital-image.png?resize=176px:176px&amp;output-quality=80&amp;output-format=jpeg&amp;im=BackgroundColor,color=fffff 176w, https://img.rewe-static.de/2909311/25363222_digital-image.png?resize=264px:264px&amp;output-quality=80&amp;output-format=jpeg&amp;im=BackgroundColor,color=fffff 264w" sizes="(min-width: 580px) 152px, 88px" /><img src="https://img.rewe-static.de/2909311/25363222_digital-image.png?resize=152px:152px&amp;output-quality=80&amp;output-format=jpeg&amp;im=BackgroundColor,color=fffff" width="152" height="152" alt="Wolf Gelbwurst 100g" loading="lazy" /></picture></div></div><div class="BadgesContainer_productBadges__mIOO1 search-service-productBadges"></div></div><div class="ProductDetailsWrapper_productDetails__7vI_z search-service-productDetails"><div class="ProductDetailsWrapper_partnerName__CqluS search-service-partnerName ProductDetailsWrapper_partnerNameEmpty__c5rTb search-service-partnerNameEmpty"></div><div class="ProductDetailsWrapper_productTitleWrapper__nJ1Fr search-service-productTitleWrapper"><h4 class="ProductDetailsWrapper_productTitle__XjgsA search-service-productTitle" id="13-4013832370278-rewe-online-services|48466001-231011-product-title"><div class="LinesEllipsis  ">Wolf Gelbwurst 100g<wbr/></div></h4></div><div class="ProductGrammage_productGrammage__fMOJr search-service-productGrammage"><div>100g (1 kg = 14,90 €)</div></div><div class="search-service-productDetailsFill ProductDetailsWrapper_productDetailsFill__TNboB"></div><div><div class="search-service-productOffer BulkDiscountElements_productOffer__e9Jxc"><div class="search-service-productOfferFirstLine BulkDiscountElements_productOfferFirstLine__r2Dx1"><div class="search-service-BulkDiscountPromotionText BulkDiscountElements_BulkDiscountPromotionText__YuLkM">Ab 3 Stück 5% sparen</div></div><div class="search-service-productOfferSecondLine BulkDiscountElements_productOfferSecondLine___syNJ"><div class="search-service-productPrice BulkDiscountElements_productPrice__gz_76">1,49 €</div></div></div></div></div></a></div><div class="search-service-basketButtons Product_basketButtons__SYAkC"><div class="search-service-ProductActions ProductActions_ProductActions__D_l5E"><meso-data data-listingid="13-4013832370278-rewe-online-services|48466001-231011" data-productid="2909311" data-orderlimit="99" data-amount="1" data-context="product-list-category"><div class="search-service-addToCartHandlerWrapper Add2CartHandler_addToCartHandlerWrapper__bvELT"><div class="bs_add2cart_container"><div class="bs_shopping_list_wrapper"><div class="lrms-favorite-button-container"></div><script type="application/json" class="favoritebutton-propstore">{"additionalUiData":{"assetBaseUrl":"https://shop.rewe-static.de/rewe-myproducts/b0c5748b220aaf8bd2a2aed167bba4ca9b3027d0","staticAssetBaseUrl":"https://shop.rewe-static.de/rewe-myproducts","favoritesBaseUrl":"/api/favorites","anonymousFavoritesBaseUrl":"/api/anonymousfavorites"},"testgroups":["prefilled-basket-myproducts"],"togglz":[]}</script></div><div class="bs_amount-handler bs_add2cart bs_amount-zero" data-is-initialized="false"><button class="basket-button bs_amount-minus basket_ripple" disabled></button><input type="number" pattern="[0-9]*" value="0" class="basket-input bs_amount-input" autocomplete="off"><button class="basket-button bs_amount-plus basket_ripple" aria-label="Produkt zum Warenkorb hinzufügen"></button></div></div><script type="text/javascript">
                    if (!window.ReweBasket) {
                        window.ReweBasket = {}
                    }
                </script><script type="text/javascript">
                    (function () {
                      var event = 'basket:addToBasketbuttonV2Render';
                      var customEvent;
                      var data = {};
                      if (typeof CustomEvent === 'function') {
                          customEvent = new CustomEvent(event, {detail: data});
                      } else {
                          customEvent = document.createEvent('CustomEvent');
                          customEvent.initCustomEvent(event, false, false, data);
                      }
                      document.dispatchEvent(customEvent);
                    })();
                </script></div></meso-data></div></div></div><div class="search-service-product Product_product__maAwA" aria-labelledby="8-QW2PAC9N-rewe-online-services|48466001-231011-product-title"><div><input type="hidden" name="nan" value="7808032" /><input type="hidden" name="listingId" value="8-QW2PAC9N-rewe-online-services|48466001-231011" /></div><div class="search-service-productDetailsWrapper Product_productDetailsWrapper__bX_s8"><a class="search-service-productDetailsLink Product_productDetailsLink__hXXfb" href="/p/rewe-regional-haehnchen-geschnetzeltes-400g/7808032"><div class="search-service-pictureWrapper ProductMediaWrapper_pictureWrapper__ZHKoX"><div class="ProductMediaWrapper_regionalBadge__iWNkT">Regional</div><div class="search-service-productPicture ProductMediaWrapper_productPicture__OXMYf"><div class="search-service-rsProductsMedia ProductMedia_rsProductsMedia__TgDb_"><picture><source srcSet="https://img.rewe-static.de/7808032/36096770_digital-image.png?resize=152px:152px&amp;output-quality=80&amp;output-format=webp&amp;im=BackgroundColor,color=fffff 152w, https://img.rewe-static.de/7808032/36096770_digital-image.png?resize=304px:304px&amp;output-quality=80&amp;output-format=webp&amp;im=BackgroundColor,color=fffff 304w, https://img.rewe-static.de/7808032/36096770_digital-image.png?resize=456px:456px&amp;output-quality=80&amp;output-format=webp&amp;im=BackgroundColor,color=fffff 456w, https://img.rewe-static.de/7808032/36096770_digital-image.png?resize=88px:88px&amp;output-quality=80&amp;output-format=webp&amp;im=BackgroundColor,color=fffff 88w, https://img.rewe-static.de/7808032/36096770_digital-image.png?resize=176px:176px&amp;output-quality=80&amp;output-format=webp&amp;im=BackgroundColor,color=fffff 176w, https://img.rewe-static.de/7808032/36096770_digital-image.png?resize=264px:264px&amp;output-quality=80&amp;output-format=webp&amp;im=BackgroundColor,color=fffff 264w" sizes="(min-width: 580px) 152px, 88px" type="image/webp" /><source srcSet="https://img.rewe-static.de/7808032/36096770_digital-image.png?resize=152px:152px&amp;output-quality=80&amp;output-format=jpeg2000&amp;im=BackgroundColor,color=fffff 152w, https://img.rewe-static.de/7808032/36096770_digital-image.png?resize=304px:304px&amp;output-quality=80&amp;output-format=jpeg2000&amp;im=BackgroundColor,color=fffff 304w, https://img.rewe-static.de/7808032/36096770_digital-image.png?resize=456px:456px&amp;output-quality=80&amp;output-format=jpeg2000&amp;im=BackgroundColor,color=fffff 456w, https://img.rewe-static.de/7808032/36096770_digital-image.png?resize=88px:88px&amp;output-quality=80&amp;output-format=jpeg2000&amp;im=BackgroundColor,color=fffff 88w, https://img.rewe-static.de/7808032/36096770_digital-image.png?resize=176px:176px&amp;output-quality=80&amp;output-format=jpeg2000&amp;im=BackgroundColor,color=fffff 176w, https://img.rewe-static.de/7808032/36096770_digital-image.png?resize=264px:264px&amp;output-quality=80&amp;output-format=jpeg2000&amp;im=BackgroundColor,color=fffff 264w" sizes="(min-width: 580px) 152px, 88px" type="image/jp2" /><source srcSet="https://img.rewe-static.de/7808032/36096770_digital-image.png?resize=152px:152px&amp;output-quality=80&amp;output-format=jpeg&amp;im=BackgroundColor,color=fffff 152w, https://img.rewe-static.de/7808032/36096770_digital-image.png?resize=304px:304px&amp;output-quality=80&amp;output-format=jpeg&amp;im=BackgroundColor,color=fffff 304w, https://img.rewe-static.de/7808032/36096770_digital-image.png?resize=456px:456px&amp;output-quality=80&amp;output-format=jpeg&amp;im=BackgroundColor,color=fffff 456w, https://img.rewe-static.de/7808032/36096770_digital-image.png?resize=88px:88px&amp;output-quality=80&amp;output-format=jpeg&amp;im=BackgroundColor,color=fffff 88w, https://img.rewe-static.de/7808032/36096770_digital-image.png?resize=176px:176px&amp;output-quality=80&amp;output-format=jpeg&amp;im=BackgroundColor,color=fffff 176w, https://img.rewe-static.de/7808032/36096770_digital-image.png?resize=264px:264px&amp;output-quality=80&amp;output-format=jpeg&amp;im=BackgroundColor,color=fffff 264w" sizes="(min-width: 580px) 152px, 88px" /><img src="https://img.rewe-static.de/7808032/36096770_digital-image.png?resize=152px:152px&amp;output-quality=80&amp;output-format=jpeg&amp;im=BackgroundColor,color=fffff" width="152" height="152" alt="REWE Regional Hähnchen Geschnetzeltes 400g" loading="lazy" /></picture></div></div><div class="BadgesContainer_productBadges__mIOO1 search-service-productBadges"></div></div><div class="ProductDetailsWrapper_productDetails__7vI_z search-service-productDetails"><div class="ProductDetailsWrapper_partnerName__CqluS search-service-partnerName ProductDetailsWrapper_partnerNameEmpty__c5rTb search-service-partnerNameEmpty"></div><div class="ProductDetailsWrapper_productTitleWrapper__nJ1Fr search-service-productTitleWrapper"><h4 class="ProductDetailsWrapper_productTitle__XjgsA search-service-productTitle" id="8-QW2PAC9N-rewe-online-services|48466001-231011-product-title"><div class="LinesEllipsis  ">REWE Regional Hähnchen Geschnetzeltes 400g<wbr/></div></h4></div><div class="ProductGrammage_productGrammage__fMOJr search-service-productGrammage"><div>400g (1 kg = 14,98 €)</div></div><div class="search-service-productDetailsFill ProductDetailsWrapper_productDetailsFill__TNboB"></div><div><div class="search-service-productPrice ProductPriceDisplay_productPrice__pqWxK">5,99 €</div></div></div></a></div><div class="search-service-basketButtons Product_basketButtons__SYAkC"><div class="search-service-ProductActions ProductActions_ProductActions__D_l5E"><meso-data data-listingid="8-QW2PAC9N-rewe-online-services|48466001-231011" data-productid="7808032" data-orderlimit="99" data-amount="1" data-context="product-list-category"><div class="search-service-addToCartHandlerWrapper Add2CartHandler_addToCartHandlerWrapper__bvELT"><div class="bs_add2cart_container"><div class="bs_shopping_list_wrapper"><div class="lrms-favorite-button-container"></div><script type="application/json" class="favoritebutton-propstore">{"additionalUiData":{"assetBaseUrl":"https://shop.rewe-static.de/rewe-myproducts/b0c5748b220aaf8bd2a2aed167bba4ca9b3027d0","staticAssetBaseUrl":"https://shop.rewe-static.de/rewe-myproducts","favoritesBaseUrl":"/api/favorites","anonymousFavoritesBaseUrl":"/api/anonymousfavorites"},"testgroups":["prefilled-basket-myproducts"],"togglz":[]}</script></div><div class="bs_amount-handler bs_add2cart bs_amount-zero" data-is-initialized="false"><button class="basket-button bs_amount-minus basket_ripple" disabled></button><input type="number" pattern="[0-9]*" value="0" class="basket-input bs_amount-input" autocomplete="off"><button class="basket-button bs_amount-plus basket_ripple" aria-label="Produkt zum Warenkorb hinzufügen"></button></div></div><script type="text/javascript">
                    if (!window.ReweBasket) {
                        window.ReweBasket = {}
                    }
                </script><script type="text/javascript">
                    (function () {
                      var event = 'basket:addToBasketbuttonV2Render';
                      var customEvent;
                      var data = {};
                      if (typeof CustomEvent === 'function') {
                          customEvent = new CustomEvent(event, {detail: data});
                      } else {
                          customEvent = document.createEvent('CustomEvent');
                          customEvent.initCustomEvent(event, false, false, data);
                      }
                      document.dispatchEvent(customEvent);
                    })();
                </script></div></meso-data></div></div></div><div class="search-service-product Product_product__maAwA" aria-labelledby="13-4337256205443-rewe-online-services|48466001-231011-product-title"><div><input type="hidden" name="nan" value="8178294" /><input type="hidden" name="listingId" value="13-4337256205443-rewe-online-services|48466001-231011" /></div><div class="search-service-productDetailsWrapper Product_productDetailsWrapper__bX_s8"><a class="search-service-productDetailsLink Product_productDetailsLink__hXXfb" href="/p/rewe-bio-leberwurst-mit-kalbfleisch-fein-125g/8178294"><div class="search-service-pictureWrapper ProductMediaWrapper_pictureWrapper__ZHKoX"><div class="search-service-productPicture ProductMediaWrapper_productPicture__OXMYf"><div class="search-service-rsProductsMedia ProductMedia_rsProductsMedia__TgDb_"><picture><source srcSet="https://img.rewe-static.de/8178294/28898096_digital-image.png?resize=152px:152px&amp;output-quality=80&amp;output-format=webp&amp;im=BackgroundColor,color=fffff 152w, https://img.rewe-static.de/8178294/28898096_digital-image.png?resize=304px:304px&amp;output-quality=80&amp;output-format=webp&amp;im=BackgroundColor,color=fffff 304w, https://img.rewe-static.de/8178294/28898096_digital-image.png?resize=456px:456px&amp;output-quality=80&amp;output-format=webp&amp;im=BackgroundColor,color=fffff 456w, https://img.rewe-static.de/8178294/28898096_digital-image.png?resize=88px:88px&amp;output-quality=80&amp;output-format=webp&amp;im=BackgroundColor,color=fffff 88w, https://img.rewe-static.de/8178294/28898096_digital-image.png?resize=176px:176px&amp;output-quality=80&amp;output-format=webp&amp;im=BackgroundColor,color=fffff 176w, https://img.rewe-static.de/8178294/28898096_digital-image.png?resize=264px:264px&amp;output-quality=80&amp;output-format=webp&amp;im=BackgroundColor,color=fffff 264w" sizes="(min-width: 580px) 152px, 88px" type="image/webp" /><source srcSet="https://img.rewe-static.de/8178294/28898096_digital-image.png?resize=152px:152px&amp;output-quality=80&amp;output-format=jpeg2000&amp;im=BackgroundColor,color=fffff 152w, https://img.rewe-static.de/8178294/28898096_digital-image.png?resize=304px:304px&amp;output-quality=80&amp;output-format=jpeg2000&amp;im=BackgroundColor,color=fffff 304w, https://img.rewe-static.de/8178294/28898096_digital-image.png?resize=456px:456px&amp;output-quality=80&amp;output-format=jpeg2000&amp;im=BackgroundColor,color=fffff 456w, https://img.rewe-static.de/8178294/28898096_digital-image.png?resize=88px:88px&amp;output-quality=80&amp;output-format=jpeg2000&amp;im=BackgroundColor,color=fffff 88w, https://img.rewe-static.de/8178294/28898096_digital-image.png?resize=176px:176px&amp;output-quality=80&amp;output-format=jpeg2000&amp;im=BackgroundColor,color=fffff 176w, https://img.rewe-static.de/8178294/28898096_digital-image.png?resize=264px:264px&amp;output-quality=80&amp;output-format=jpeg2000&amp;im=BackgroundColor,color=fffff 264w" sizes="(min-width: 580px) 152px, 88px" type="image/jp2" /><source srcSet="https://img.rewe-static.de/8178294/28898096_digital-image.png?resize=152px:152px&amp;output-quality=80&amp;output-format=jpeg&amp;im=BackgroundColor,color=fffff 152w, https://img.rewe-static.de/8178294/28898096_digital-image.png?resize=304px:304px&amp;output-quality=80&amp;output-format=jpeg&amp;im=BackgroundColor,color=fffff 304w, https://img.rewe-static.de/8178294/28898096_digital-image.png?resize=456px:456px&amp;output-quality=80&amp;output-format=jpeg&amp;im=BackgroundColor,color=fffff 456w, https://img.rewe-static.de/8178294/28898096_digital-image.png?resize=88px:88px&amp;output-quality=80&amp;output-format=jpeg&amp;im=BackgroundColor,color=fffff 88w, https://img.rewe-static.de/8178294/28898096_digital-image.png?resize=176px:176px&amp;output-quality=80&amp;output-format=jpeg&amp;im=BackgroundColor,color=fffff 176w, https://img.rewe-static.de/8178294/28898096_digital-image.png?resize=264px:264px&amp;output-quality=80&amp;output-format=jpeg&amp;im=BackgroundColor,color=fffff 264w" sizes="(min-width: 580px) 152px, 88px" /><img src="https://img.rewe-static.de/8178294/28898096_digital-image.png?resize=152px:152px&amp;output-quality=80&amp;output-format=jpeg&amp;im=BackgroundColor,color=fffff" width="152" height="152" alt="REWE Bio Leberwurst mit Kalbfleisch, fein 125g" loading="lazy" /></picture></div></div><div class="BadgesContainer_productBadges__mIOO1 search-service-productBadges"><div class="badge_style_badgeItem__vUyhV search-service-badgeItem badge_style_offerBadge__g2br1 search-service-offerBadge">%</div><div class="badge_style_organicBadge__kj91r badge_style_badgeItem__vUyhV search-service-organicBadge search-service-badgeItem"></div></div></div><div class="ProductDetailsWrapper_productDetails__7vI_z search-service-productDetails"><div class="ProductDetailsWrapper_partnerName__CqluS search-service-partnerName ProductDetailsWrapper_partnerNameEmpty__c5rTb search-service-partnerNameEmpty"></div><div class="ProductDetailsWrapper_productTitleWrapper__nJ1Fr search-service-productTitleWrapper"><h4 class="ProductDetailsWrapper_productTitle__XjgsA search-service-productTitle" id="13-4337256205443-rewe-online-services|48466001-231011-product-title"><div class="LinesEllipsis  ">REWE Bio Leberwurst mit Kalbfleisch, fein 125g<wbr/></div></h4></div><div class="ProductGrammage_productGrammage__fMOJr search-service-productGrammage"><div>125g (1 kg = 13,52 €)</div></div><div class="search-service-productDetailsFill ProductDetailsWrapper_productDetailsFill__TNboB"></div><div><div class="search-service-productOffer DiscountElements_productOffer__Oh1_0"><div class="search-service-productOfferFirstLine DiscountElements_productOfferFirstLine__s4lCO"><div class="search-service-productOfferDuration DiscountElements_productOfferDuration__gRZTl">bis <!-- -->20.04.2024</div></div><div class="search-service-productOfferSecondLine DiscountElements_productOfferSecondLine__7f_Wd"><div class="search-service-productOfferPrice DiscountElements_productOfferPrice__nOtuY">1,69 €</div></div></div></div></div></a></div><div class="search-service-basketButtons Product_basketButtons__SYAkC"><div class="search-service-ProductActions ProductActions_ProductActions__D_l5E"><meso-data data-listingid="13-4337256205443-rewe-online-services|48466001-231011" data-productid="8178294" data-orderlimit="15" data-amount="1" data-context="product-list-category"><div class="search-service-addToCartHandlerWrapper Add2CartHandler_addToCartHandlerWrapper__bvELT"><div class="bs_add2cart_container"><div class="bs_shopping_list_wrapper"><div class="lrms-favorite-button-container"></div><script type="application/json" class="favoritebutton-propstore">{"additionalUiData":{"assetBaseUrl":"https://shop.rewe-static.de/rewe-myproducts/b0c5748b220aaf8bd2a2aed167bba4ca9b3027d0","staticAssetBaseUrl":"https://shop.rewe-static.de/rewe-myproducts","favoritesBaseUrl":"/api/favorites","anonymousFavoritesBaseUrl":"/api/anonymousfavorites"},"testgroups":["prefilled-basket-myproducts"],"togglz":[]}</script></div><div class="bs_amount-handler bs_add2cart bs_amount-zero" data-is-initialized="false"><button class="basket-button bs_amount-minus basket_ripple" disabled></button><input type="number" pattern="[0-9]*" value="0" class="basket-input bs_amount-input" autocomplete="off"><button class="basket-button bs_amount-plus basket_ripple" aria-label="Produkt zum Warenkorb hinzufügen"></button></div></div><script type="text/javascript">
                    if (!window.ReweBasket) {
                        window.ReweBasket = {}
                    }
                </script><script type="text/javascript">
                    (function () {
                      var event = 'basket:addToBasketbuttonV2Render';
                      var customEvent;
                      var data = {};
                      if (typeof CustomEvent === 'function') {
                          customEvent = new CustomEvent(event, {detail: data});
                      } else {
                          customEvent = document.createEvent('CustomEvent');
                          customEvent.initCustomEvent(event, false, false, data);
                      }
                      document.dispatchEvent(customEvent);
                    })();
                </script></div></meso-data></div></div></div><div class="search-service-product Product_product__maAwA" aria-labelledby="8-HIO3HUMO-rewe-online-services|48466001-231011-product-title"><div><input type="hidden" name="nan" value="8969847" /><input type="hidden" name="listingId" value="8-HIO3HUMO-rewe-online-services|48466001-231011" /></div><div class="search-service-productDetailsWrapper Product_productDetailsWrapper__bX_s8"><a class="search-service-productDetailsLink Product_productDetailsLink__hXXfb" href="/p/rewe-bio-kochschinken-100g/8969847"><div class="search-service-pictureWrapper ProductMediaWrapper_pictureWrapper__ZHKoX"><div class="search-service-productPicture ProductMediaWrapper_productPicture__OXMYf"><div class="search-service-rsProductsMedia ProductMedia_rsProductsMedia__TgDb_"><picture><source srcSet="https://img.rewe-static.de/8969847/41188738_digital-image.png?resize=152px:152px&amp;output-quality=80&amp;output-format=webp&amp;im=BackgroundColor,color=fffff 152w, https://img.rewe-static.de/8969847/41188738_digital-image.png?resize=304px:304px&amp;output-quality=80&amp;output-format=webp&amp;im=BackgroundColor,color=fffff 304w, https://img.rewe-static.de/8969847/41188738_digital-image.png?resize=456px:456px&amp;output-quality=80&amp;output-format=webp&amp;im=BackgroundColor,color=fffff 456w, https://img.rewe-static.de/8969847/41188738_digital-image.png?resize=88px:88px&amp;output-quality=80&amp;output-format=webp&amp;im=BackgroundColor,color=fffff 88w, https://img.rewe-static.de/8969847/41188738_digital-image.png?resize=176px:176px&amp;output-quality=80&amp;output-format=webp&amp;im=BackgroundColor,color=fffff 176w, https://img.rewe-static.de/8969847/41188738_digital-image.png?resize=264px:264px&amp;output-quality=80&amp;output-format=webp&amp;im=BackgroundColor,color=fffff 264w" sizes="(min-width: 580px) 152px, 88px" type="image/webp" /><source srcSet="https://img.rewe-static.de/8969847/41188738_digital-image.png?resize=152px:152px&amp;output-quality=80&amp;output-format=jpeg2000&amp;im=BackgroundColor,color=fffff 152w, https://img.rewe-static.de/8969847/41188738_digital-image.png?resize=304px:304px&amp;output-quality=80&amp;output-format=jpeg2000&amp;im=BackgroundColor,color=fffff 304w, https://img.rewe-static.de/8969847/41188738_digital-image.png?resize=456px:456px&amp;output-quality=80&amp;output-format=jpeg2000&amp;im=BackgroundColor,color=fffff 456w, https://img.rewe-static.de/8969847/41188738_digital-image.png?resize=88px:88px&amp;output-quality=80&amp;output-format=jpeg2000&amp;im=BackgroundColor,color=fffff 88w, https://img.rewe-static.de/8969847/41188738_digital-image.png?resize=176px:176px&amp;output-quality=80&amp;output-format=jpeg2000&amp;im=BackgroundColor,color=fffff 176w, https://img.rewe-static.de/8969847/41188738_digital-image.png?resize=264px:264px&amp;output-quality=80&amp;output-format=jpeg2000&amp;im=BackgroundColor,color=fffff 264w" sizes="(min-width: 580px) 152px, 88px" type="image/jp2" /><source srcSet="https://img.rewe-static.de/8969847/41188738_digital-image.png?resize=152px:152px&amp;output-quality=80&amp;output-format=jpeg&amp;im=BackgroundColor,color=fffff 152w, https://img.rewe-static.de/8969847/41188738_digital-image.png?resize=304px:304px&amp;output-quality=80&amp;output-format=jpeg&amp;im=BackgroundColor,color=fffff 304w, https://img.rewe-static.de/8969847/41188738_digital-image.png?resize=456px:456px&amp;output-quality=80&amp;output-format=jpeg&amp;im=BackgroundColor,color=fffff 456w, https://img.rewe-static.de/8969847/41188738_digital-image.png?resize=88px:88px&amp;output-quality=80&amp;output-format=jpeg&amp;im=BackgroundColor,color=fffff 88w, https://img.rewe-static.de/8969847/41188738_digital-image.png?resize=176px:176px&amp;output-quality=80&amp;output-format=jpeg&amp;im=BackgroundColor,color=fffff 176w, https://img.rewe-static.de/8969847/41188738_digital-image.png?resize=264px:264px&amp;output-quality=80&amp;output-format=jpeg&amp;im=BackgroundColor,color=fffff 264w" sizes="(min-width: 580px) 152px, 88px" /><img src="https://img.rewe-static.de/8969847/41188738_digital-image.png?resize=152px:152px&amp;output-quality=80&amp;output-format=jpeg&amp;im=BackgroundColor,color=fffff" width="152" height="152" alt="REWE Bio Kochschinken 100g" loading="lazy" /></picture></div></div><div class="BadgesContainer_productBadges__mIOO1 search-service-productBadges"><div class="badge_style_organicBadge__kj91r badge_style_badgeItem__vUyhV search-service-organicBadge search-service-badgeItem"></div></div></div><div class="ProductDetailsWrapper_productDetails__7vI_z search-service-productDetails"><div class="ProductDetailsWrapper_partnerName__CqluS search-service-partnerName ProductDetailsWrapper_partnerNameEmpty__c5rTb search-service-partnerNameEmpty"></div><div class="ProductDetailsWrapper_productTitleWrapper__nJ1Fr search-service-productTitleWrapper"><h4 class="ProductDetailsWrapper_productTitle__XjgsA search-service-productTitle" id="8-HIO3HUMO-rewe-online-services|48466001-231011-product-title"><div class="LinesEllipsis  ">REWE Bio Kochschinken 100g<wbr/></div></h4></div><div class="ProductGrammage_productGrammage__fMOJr search-service-productGrammage"><div>100g (1 kg = 27,90 €)</div></div><div class="search-service-productDetailsFill ProductDetailsWrapper_productDetailsFill__TNboB"></div><div><div class="search-service-productPrice ProductPriceDisplay_productPrice__pqWxK">2,79 €</div></div></div></a></div><div class="search-service-basketButtons Product_basketButtons__SYAkC"><div class="search-service-ProductActions ProductActions_ProductActions__D_l5E"><meso-data data-listingid="8-HIO3HUMO-rewe-online-services|48466001-231011" data-productid="8969847" data-orderlimit="99" data-amount="1" data-context="product-list-category"><div class="search-service-addToCartHandlerWrapper Add2CartHandler_addToCartHandlerWrapper__bvELT"><div class="bs_add2cart_container"><div class="bs_shopping_list_wrapper"><div class="lrms-favorite-button-container"></div><script type="application/json" class="favoritebutton-propstore">{"additionalUiData":{"assetBaseUrl":"https://shop.rewe-static.de/rewe-myproducts/b0c5748b220aaf8bd2a2aed167bba4ca9b3027d0","staticAssetBaseUrl":"https://shop.rewe-static.de/rewe-myproducts","favoritesBaseUrl":"/api/favorites","anonymousFavoritesBaseUrl":"/api/anonymousfavorites"},"testgroups":["prefilled-basket-myproducts"],"togglz":[]}</script></div><div class="bs_amount-handler bs_add2cart bs_amount-zero" data-is-initialized="false"><button class="basket-button bs_amount-minus basket_ripple" disabled></button><input type="number" pattern="[0-9]*" value="0" class="basket-input bs_amount-input" autocomplete="off"><button class="basket-button bs_amount-plus basket_ripple" aria-label="Produkt zum Warenkorb hinzufügen"></button></div></div><script type="text/javascript">
                    if (!window.ReweBasket) {
                        window.ReweBasket = {}
                    }
                </script><script type="text/javascript">
                    (function () {
                      var event = 'basket:addToBasketbuttonV2Render';
                      var customEvent;
                      var data = {};
                      if (typeof CustomEvent === 'function') {
                          customEvent = new CustomEvent(event, {detail: data});
                      } else {
                          customEvent = document.createEvent('CustomEvent');
                          customEvent.initCustomEvent(event, false, false, data);
                      }
                      document.dispatchEvent(customEvent);
                    })();
                </script></div></meso-data></div></div></div><div class="search-service-product Product_product__maAwA" aria-labelledby="13-4006153116007-rewe-online-services|48466001-231011-product-title"><div><input type="hidden" name="nan" value="7713371" /><input type="hidden" name="listingId" value="13-4006153116007-rewe-online-services|48466001-231011" /></div><div class="search-service-productDetailsWrapper Product_productDetailsWrapper__bX_s8"><a class="search-service-productDetailsLink Product_productDetailsLink__hXXfb" href="/p/zimmermann-muenchner-weisswuerste-5x60g/7713371"><div class="search-service-pictureWrapper ProductMediaWrapper_pictureWrapper__ZHKoX"><div class="search-service-productPicture ProductMediaWrapper_productPicture__OXMYf"><div class="search-service-rsProductsMedia ProductMedia_rsProductsMedia__TgDb_"><picture><source srcSet="https://img.rewe-static.de/7713371/3484470_digital-image.png?resize=152px:152px&amp;output-quality=80&amp;output-format=webp&amp;im=BackgroundColor,color=fffff 152w, https://img.rewe-static.de/7713371/3484470_digital-image.png?resize=304px:304px&amp;output-quality=80&amp;output-format=webp&amp;im=BackgroundColor,color=fffff 304w, https://img.rewe-static.de/7713371/3484470_digital-image.png?resize=456px:456px&amp;output-quality=80&amp;output-format=webp&amp;im=BackgroundColor,color=fffff 456w, https://img.rewe-static.de/7713371/3484470_digital-image.png?resize=88px:88px&amp;output-quality=80&amp;output-format=webp&amp;im=BackgroundColor,color=fffff 88w, https://img.rewe-static.de/7713371/3484470_digital-image.png?resize=176px:176px&amp;output-quality=80&amp;output-format=webp&amp;im=BackgroundColor,color=fffff 176w, https://img.rewe-static.de/7713371/3484470_digital-image.png?resize=264px:264px&amp;output-quality=80&amp;output-format=webp&amp;im=BackgroundColor,color=fffff 264w" sizes="(min-width: 580px) 152px, 88px" type="image/webp" /><source srcSet="https://img.rewe-static.de/7713371/3484470_digital-image.png?resize=152px:152px&amp;output-quality=80&amp;output-format=jpeg2000&amp;im=BackgroundColor,color=fffff 152w, https://img.rewe-static.de/7713371/3484470_digital-image.png?resize=304px:304px&amp;output-quality=80&amp;output-format=jpeg2000&amp;im=BackgroundColor,color=fffff 304w, https://img.rewe-static.de/7713371/3484470_digital-image.png?resize=456px:456px&amp;output-quality=80&amp;output-format=jpeg2000&amp;im=BackgroundColor,color=fffff 456w, https://img.rewe-static.de/7713371/3484470_digital-image.png?resize=88px:88px&amp;output-quality=80&amp;output-format=jpeg2000&amp;im=BackgroundColor,color=fffff 88w, https://img.rewe-static.de/7713371/3484470_digital-image.png?resize=176px:176px&amp;output-quality=80&amp;output-format=jpeg2000&amp;im=BackgroundColor,color=fffff 176w, https://img.rewe-static.de/7713371/3484470_digital-image.png?resize=264px:264px&amp;output-quality=80&amp;output-format=jpeg2000&amp;im=BackgroundColor,color=fffff 264w" sizes="(min-width: 580px) 152px, 88px" type="image/jp2" /><source srcSet="https://img.rewe-static.de/7713371/3484470_digital-image.png?resize=152px:152px&amp;output-quality=80&amp;output-format=jpeg&amp;im=BackgroundColor,color=fffff 152w, https://img.rewe-static.de/7713371/3484470_digital-image.png?resize=304px:304px&amp;output-quality=80&amp;output-format=jpeg&amp;im=BackgroundColor,color=fffff 304w, https://img.rewe-static.de/7713371/3484470_digital-image.png?resize=456px:456px&amp;output-quality=80&amp;output-format=jpeg&amp;im=BackgroundColor,color=fffff 456w, https://img.rewe-static.de/7713371/3484470_digital-image.png?resize=88px:88px&amp;output-quality=80&amp;output-format=jpeg&amp;im=BackgroundColor,color=fffff 88w, https://img.rewe-static.de/7713371/3484470_digital-image.png?resize=176px:176px&amp;output-quality=80&amp;output-format=jpeg&amp;im=BackgroundColor,color=fffff 176w, https://img.rewe-static.de/7713371/3484470_digital-image.png?resize=264px:264px&amp;output-quality=80&amp;output-format=jpeg&amp;im=BackgroundColor,color=fffff 264w" sizes="(min-width: 580px) 152px, 88px" /><img src="https://img.rewe-static.de/7713371/3484470_digital-image.png?resize=152px:152px&amp;output-quality=80&amp;output-format=jpeg&amp;im=BackgroundColor,color=fffff" width="152" height="152" alt="Zimmermann Münchner Weißwürste 5x60g" loading="lazy" /></picture></div></div><div class="BadgesContainer_productBadges__mIOO1 search-service-productBadges"></div></div><div class="ProductDetailsWrapper_productDetails__7vI_z search-service-productDetails"><div class="ProductDetailsWrapper_partnerName__CqluS search-service-partnerName ProductDetailsWrapper_partnerNameEmpty__c5rTb search-service-partnerNameEmpty"></div><div class="ProductDetailsWrapper_productTitleWrapper__nJ1Fr search-service-productTitleWrapper"><h4 class="ProductDetailsWrapper_productTitle__XjgsA search-service-productTitle" id="13-4006153116007-rewe-online-services|48466001-231011-product-title"><div class="LinesEllipsis  ">Zimmermann Münchner Weißwürste 5x60g<wbr/></div></h4></div><div class="ProductGrammage_productGrammage__fMOJr search-service-productGrammage"><div>5x60g (1 kg = 11,97 €)</div></div><div class="search-service-productDetailsFill ProductDetailsWrapper_productDetailsFill__TNboB"></div><div><div class="search-service-productOffer BulkDiscountElements_productOffer__e9Jxc"><div class="search-service-productOfferFirstLine BulkDiscountElements_productOfferFirstLine__r2Dx1"><div class="search-service-BulkDiscountPromotionText BulkDiscountElements_BulkDiscountPromotionText__YuLkM">Ab 3 Stück 5% sparen</div></div><div class="search-service-productOfferSecondLine BulkDiscountElements_productOfferSecondLine___syNJ"><div class="search-service-productPrice BulkDiscountElements_productPrice__gz_76">3,59 €</div></div></div></div></div></a></div><div class="search-service-basketButtons Product_basketButtons__SYAkC"><div class="search-service-ProductActions ProductActions_ProductActions__D_l5E"><meso-data data-listingid="13-4006153116007-rewe-online-services|48466001-231011" data-productid="7713371" data-orderlimit="99" data-amount="1" data-context="product-list-category"><div class="search-service-addToCartHandlerWrapper Add2CartHandler_addToCartHandlerWrapper__bvELT"><div class="bs_add2cart_container"><div class="bs_shopping_list_wrapper"><div class="lrms-favorite-button-container"></div><script type="application/json" class="favoritebutton-propstore">{"additionalUiData":{"assetBaseUrl":"https://shop.rewe-static.de/rewe-myproducts/b0c5748b220aaf8bd2a2aed167bba4ca9b3027d0","staticAssetBaseUrl":"https://shop.rewe-static.de/rewe-myproducts","favoritesBaseUrl":"/api/favorites","anonymousFavoritesBaseUrl":"/api/anonymousfavorites"},"testgroups":["prefilled-basket-myproducts"],"togglz":[]}</script></div><div class="bs_amount-handler bs_add2cart bs_amount-zero" data-is-initialized="false"><button class="basket-button bs_amount-minus basket_ripple" disabled></button><input type="number" pattern="[0-9]*" value="0" class="basket-input bs_amount-input" autocomplete="off"><button class="basket-button bs_amount-plus basket_ripple" aria-label="Produkt zum Warenkorb hinzufügen"></button></div></div><script type="text/javascript">
                    if (!window.ReweBasket) {
                        window.ReweBasket = {}
                    }
                </script><script type="text/javascript">
                    (function () {
                      var event = 'basket:addToBasketbuttonV2Render';
                      var customEvent;
                      var data = {};
                      if (typeof CustomEvent === 'function') {
                          customEvent = new CustomEvent(event, {detail: data});
                      } else {
                          customEvent = document.createEvent('CustomEvent');
                          customEvent.initCustomEvent(event, false, false, data);
                      }
                      document.dispatchEvent(customEvent);
                    })();
                </script></div></meso-data></div></div></div><div class="search-service-product Product_product__maAwA" aria-labelledby="13-2160910000007-rewe-online-services|48466001-231011-product-title"><div><input type="hidden" name="nan" value="1267719" /><input type="hidden" name="listingId" value="13-2160910000007-rewe-online-services|48466001-231011" /></div><div class="search-service-productDetailsWrapper Product_productDetailsWrapper__bX_s8"><a class="search-service-productDetailsLink Product_productDetailsLink__hXXfb" href="/p/rewe-bio-haehnchenbrustfilet-320g/1267719"><div class="search-service-pictureWrapper ProductMediaWrapper_pictureWrapper__ZHKoX"><div class="search-service-productPicture ProductMediaWrapper_productPicture__OXMYf"><div class="search-service-rsProductsMedia ProductMedia_rsProductsMedia__TgDb_"><picture><source srcSet="https://img.rewe-static.de/1267719/21087764_digital-image.png?resize=152px:152px&amp;output-quality=80&amp;output-format=webp&amp;im=BackgroundColor,color=fffff 152w, https://img.rewe-static.de/1267719/21087764_digital-image.png?resize=304px:304px&amp;output-quality=80&amp;output-format=webp&amp;im=BackgroundColor,color=fffff 304w, https://img.rewe-static.de/1267719/21087764_digital-image.png?resize=456px:456px&amp;output-quality=80&amp;output-format=webp&amp;im=BackgroundColor,color=fffff 456w, https://img.rewe-static.de/1267719/21087764_digital-image.png?resize=88px:88px&amp;output-quality=80&amp;output-format=webp&amp;im=BackgroundColor,color=fffff 88w, https://img.rewe-static.de/1267719/21087764_digital-image.png?resize=176px:176px&amp;output-quality=80&amp;output-format=webp&amp;im=BackgroundColor,color=fffff 176w, https://img.rewe-static.de/1267719/21087764_digital-image.png?resize=264px:264px&amp;output-quality=80&amp;output-format=webp&amp;im=BackgroundColor,color=fffff 264w" sizes="(min-width: 580px) 152px, 88px" type="image/webp" /><source srcSet="https://img.rewe-static.de/1267719/21087764_digital-image.png?resize=152px:152px&amp;output-quality=80&amp;output-format=jpeg2000&amp;im=BackgroundColor,color=fffff 152w, https://img.rewe-static.de/1267719/21087764_digital-image.png?resize=304px:304px&amp;output-quality=80&amp;output-format=jpeg2000&amp;im=BackgroundColor,color=fffff 304w, https://img.rewe-static.de/1267719/21087764_digital-image.png?resize=456px:456px&amp;output-quality=80&amp;output-format=jpeg2000&amp;im=BackgroundColor,color=fffff 456w, https://img.rewe-static.de/1267719/21087764_digital-image.png?resize=88px:88px&amp;output-quality=80&amp;output-format=jpeg2000&amp;im=BackgroundColor,color=fffff 88w, https://img.rewe-static.de/1267719/21087764_digital-image.png?resize=176px:176px&amp;output-quality=80&amp;output-format=jpeg2000&amp;im=BackgroundColor,color=fffff 176w, https://img.rewe-static.de/1267719/21087764_digital-image.png?resize=264px:264px&amp;output-quality=80&amp;output-format=jpeg2000&amp;im=BackgroundColor,color=fffff 264w" sizes="(min-width: 580px) 152px, 88px" type="image/jp2" /><source srcSet="https://img.rewe-static.de/1267719/21087764_digital-image.png?resize=152px:152px&amp;output-quality=80&amp;output-format=jpeg&amp;im=BackgroundColor,color=fffff 152w, https://img.rewe-static.de/1267719/21087764_digital-image.png?resize=304px:304px&amp;output-quality=80&amp;output-format=jpeg&amp;im=BackgroundColor,color=fffff 304w, https://img.rewe-static.de/1267719/21087764_digital-image.png?resize=456px:456px&amp;output-quality=80&amp;output-format=jpeg&amp;im=BackgroundColor,color=fffff 456w, https://img.rewe-static.de/1267719/21087764_digital-image.png?resize=88px:88px&amp;output-quality=80&amp;output-format=jpeg&amp;im=BackgroundColor,color=fffff 88w, https://img.rewe-static.de/1267719/21087764_digital-image.png?resize=176px:176px&amp;output-quality=80&amp;output-format=jpeg&amp;im=BackgroundColor,color=fffff 176w, https://img.rewe-static.de/1267719/21087764_digital-image.png?resize=264px:264px&amp;output-quality=80&amp;output-format=jpeg&amp;im=BackgroundColor,color=fffff 264w" sizes="(min-width: 580px) 152px, 88px" /><img src="https://img.rewe-static.de/1267719/21087764_digital-image.png?resize=152px:152px&amp;output-quality=80&amp;output-format=jpeg&amp;im=BackgroundColor,color=fffff" width="152" height="152" alt="REWE Bio Hähnchenbrustfilet 320g" loading="lazy" /></picture></div></div><div class="BadgesContainer_productBadges__mIOO1 search-service-productBadges"><div class="badge_style_organicBadge__kj91r badge_style_badgeItem__vUyhV search-service-organicBadge search-service-badgeItem"></div></div></div><div class="ProductDetailsWrapper_productDetails__7vI_z search-service-productDetails"><div class="ProductDetailsWrapper_partnerName__CqluS search-service-partnerName ProductDetailsWrapper_partnerNameEmpty__c5rTb search-service-partnerNameEmpty"></div><div class="ProductDetailsWrapper_productTitleWrapper__nJ1Fr search-service-productTitleWrapper"><h4 class="ProductDetailsWrapper_productTitle__XjgsA search-service-productTitle" id="13-2160910000007-rewe-online-services|48466001-231011-product-title"><div class="LinesEllipsis  ">REWE Bio Hähnchenbrustfilet 320g<wbr/></div></h4></div><div class="ProductGrammage_productGrammage__fMOJr search-service-productGrammage"><div>1 Stück ca. 320 g (1 kg = 34,90 €)</div></div><div class="search-service-productDetailsFill ProductDetailsWrapper_productDetailsFill__TNboB"></div><div><div class="search-service-productPrice ProductPriceDisplay_productPrice__pqWxK">11,17 €</div></div></div></a></div><div class="search-service-basketButtons Product_basketButtons__SYAkC"><div class="search-service-ProductActions ProductActions_ProductActions__D_l5E"><meso-data data-listingid="13-2160910000007-rewe-online-services|48466001-231011" data-productid="1267719" data-orderlimit="99" data-amount="1" data-context="product-list-category"><div class="search-service-addToCartHandlerWrapper Add2CartHandler_addToCartHandlerWrapper__bvELT"><div class="bs_add2cart_container"><div class="bs_shopping_list_wrapper"><div class="lrms-favorite-button-container"></div><script type="application/json" class="favoritebutton-propstore">{"additionalUiData":{"assetBaseUrl":"https://shop.rewe-static.de/rewe-myproducts/b0c5748b220aaf8bd2a2aed167bba4ca9b3027d0","staticAssetBaseUrl":"https://shop.rewe-static.de/rewe-myproducts","favoritesBaseUrl":"/api/favorites","anonymousFavoritesBaseUrl":"/api/anonymousfavorites"},"testgroups":["prefilled-basket-myproducts"],"togglz":[]}</script></div><div class="bs_amount-handler bs_add2cart bs_amount-zero" data-is-initialized="false"><button class="basket-button bs_amount-minus basket_ripple" disabled></button><input type="number" pattern="[0-9]*" value="0" class="basket-input bs_amount-input" autocomplete="off"><button class="basket-button bs_amount-plus basket_ripple" aria-label="Produkt zum Warenkorb hinzufügen"></button></div></div><script type="text/javascript">
                    if (!window.ReweBasket) {
                        window.ReweBasket = {}
                    }
                </script><script type="text/javascript">
                    (function () {
                      var event = 'basket:addToBasketbuttonV2Render';
                      var customEvent;
                      var data = {};
                      if (typeof CustomEvent === 'function') {
                          customEvent = new CustomEvent(event, {detail: data});
                      } else {
                          customEvent = document.createEvent('CustomEvent');
                          customEvent.initCustomEvent(event, false, false, data);
                      }
                      document.dispatchEvent(customEvent);
                    })();
                </script></div></meso-data></div></div></div><div class="search-service-product Product_product__maAwA" aria-labelledby="8-VTINN8H8-rewe-online-services|48466001-231011-product-title"><div><input type="hidden" name="nan" value="489049" /><input type="hidden" name="listingId" value="8-VTINN8H8-rewe-online-services|48466001-231011" /></div><div class="search-service-productDetailsWrapper Product_productDetailsWrapper__bX_s8"><a class="search-service-productDetailsLink Product_productDetailsLink__hXXfb" href="/p/wilhelm-brandenburg-mortadella-mit-paprika-100g/489049"><div class="search-service-pictureWrapper ProductMediaWrapper_pictureWrapper__ZHKoX"><div class="search-service-productPicture ProductMediaWrapper_productPicture__OXMYf"><div class="search-service-rsProductsMedia ProductMedia_rsProductsMedia__TgDb_"><picture><source srcSet="https://img.rewe-static.de/0489049/7707410_digital-image.png?resize=152px:152px&amp;output-quality=80&amp;output-format=webp&amp;im=BackgroundColor,color=fffff 152w, https://img.rewe-static.de/0489049/7707410_digital-image.png?resize=304px:304px&amp;output-quality=80&amp;output-format=webp&amp;im=BackgroundColor,color=fffff 304w, https://img.rewe-static.de/0489049/7707410_digital-image.png?resize=456px:456px&amp;output-quality=80&amp;output-format=webp&amp;im=BackgroundColor,color=fffff 456w, https://img.rewe-static.de/0489049/7707410_digital-image.png?resize=88px:88px&amp;output-quality=80&amp;output-format=webp&amp;im=BackgroundColor,color=fffff 88w, https://img.rewe-static.de/0489049/7707410_digital-image.png?resize=176px:176px&amp;output-quality=80&amp;output-format=webp&amp;im=BackgroundColor,color=fffff 176w, https://img.rewe-static.de/0489049/7707410_digital-image.png?resize=264px:264px&amp;output-quality=80&amp;output-format=webp&amp;im=BackgroundColor,color=fffff 264w" sizes="(min-width: 580px) 152px, 88px" type="image/webp" /><source srcSet="https://img.rewe-static.de/0489049/7707410_digital-image.png?resize=152px:152px&amp;output-quality=80&amp;output-format=jpeg2000&amp;im=BackgroundColor,color=fffff 152w, https://img.rewe-static.de/0489049/7707410_digital-image.png?resize=304px:304px&amp;output-quality=80&amp;output-format=jpeg2000&amp;im=BackgroundColor,color=fffff 304w, https://img.rewe-static.de/0489049/7707410_digital-image.png?resize=456px:456px&amp;output-quality=80&amp;output-format=jpeg2000&amp;im=BackgroundColor,color=fffff 456w, https://img.rewe-static.de/0489049/7707410_digital-image.png?resize=88px:88px&amp;output-quality=80&amp;output-format=jpeg2000&amp;im=BackgroundColor,color=fffff 88w, https://img.rewe-static.de/0489049/7707410_digital-image.png?resize=176px:176px&amp;output-quality=80&amp;output-format=jpeg2000&amp;im=BackgroundColor,color=fffff 176w, https://img.rewe-static.de/0489049/7707410_digital-image.png?resize=264px:264px&amp;output-quality=80&amp;output-format=jpeg2000&amp;im=BackgroundColor,color=fffff 264w" sizes="(min-width: 580px) 152px, 88px" type="image/jp2" /><source srcSet="https://img.rewe-static.de/0489049/7707410_digital-image.png?resize=152px:152px&amp;output-quality=80&amp;output-format=jpeg&amp;im=BackgroundColor,color=fffff 152w, https://img.rewe-static.de/0489049/7707410_digital-image.png?resize=304px:304px&amp;output-quality=80&amp;output-format=jpeg&amp;im=BackgroundColor,color=fffff 304w, https://img.rewe-static.de/0489049/7707410_digital-image.png?resize=456px:456px&amp;output-quality=80&amp;output-format=jpeg&amp;im=BackgroundColor,color=fffff 456w, https://img.rewe-static.de/0489049/7707410_digital-image.png?resize=88px:88px&amp;output-quality=80&amp;output-format=jpeg&amp;im=BackgroundColor,color=fffff 88w, https://img.rewe-static.de/0489049/7707410_digital-image.png?resize=176px:176px&amp;output-quality=80&amp;output-format=jpeg&amp;im=BackgroundColor,color=fffff 176w, https://img.rewe-static.de/0489049/7707410_digital-image.png?resize=264px:264px&amp;output-quality=80&amp;output-format=jpeg&amp;im=BackgroundColor,color=fffff 264w" sizes="(min-width: 580px) 152px, 88px" /><img src="https://img.rewe-static.de/0489049/7707410_digital-image.png?resize=152px:152px&amp;output-quality=80&amp;output-format=jpeg&amp;im=BackgroundColor,color=fffff" width="152" height="152" alt="Wilhelm Brandenburg Mortadella mit Paprika 100g" loading="lazy" /></picture></div></div><div class="BadgesContainer_productBadges__mIOO1 search-service-productBadges"></div></div><div class="ProductDetailsWrapper_productDetails__7vI_z search-service-productDetails"><div class="ProductDetailsWrapper_partnerName__CqluS search-service-partnerName ProductDetailsWrapper_partnerNameEmpty__c5rTb search-service-partnerNameEmpty"></div><div class="ProductDetailsWrapper_productTitleWrapper__nJ1Fr search-service-productTitleWrapper"><h4 class="ProductDetailsWrapper_productTitle__XjgsA search-service-productTitle" id="8-VTINN8H8-rewe-online-services|48466001-231011-product-title"><div class="LinesEllipsis  ">Wilhelm Brandenburg Mortadella mit Paprika 100g<wbr/></div></h4></div><div class="ProductGrammage_productGrammage__fMOJr search-service-productGrammage"><div>100g (1 kg = 14,90 €)</div></div><div class="search-service-productDetailsFill ProductDetailsWrapper_productDetailsFill__TNboB"></div><div><div class="search-service-productPrice ProductPriceDisplay_productPrice__pqWxK">1,49 €</div></div></div></a></div><div class="search-service-basketButtons Product_basketButtons__SYAkC"><div class="search-service-ProductActions ProductActions_ProductActions__D_l5E"><meso-data data-listingid="8-VTINN8H8-rewe-online-services|48466001-231011" data-productid="489049" data-orderlimit="99" data-amount="1" data-context="product-list-category"><div class="search-service-addToCartHandlerWrapper Add2CartHandler_addToCartHandlerWrapper__bvELT"><div class="bs_add2cart_container"><div class="bs_shopping_list_wrapper"><div class="lrms-favorite-button-container"></div><script type="application/json" class="favoritebutton-propstore">{"additionalUiData":{"assetBaseUrl":"https://shop.rewe-static.de/rewe-myproducts/b0c5748b220aaf8bd2a2aed167bba4ca9b3027d0","staticAssetBaseUrl":"https://shop.rewe-static.de/rewe-myproducts","favoritesBaseUrl":"/api/favorites","anonymousFavoritesBaseUrl":"/api/anonymousfavorites"},"testgroups":["prefilled-basket-myproducts"],"togglz":[]}</script></div><div class="bs_amount-handler bs_add2cart bs_amount-zero" data-is-initialized="false"><button class="basket-button bs_amount-minus basket_ripple" disabled></button><input type="number" pattern="[0-9]*" value="0" class="basket-input bs_amount-input" autocomplete="off"><button class="basket-button bs_amount-plus basket_ripple" aria-label="Produkt zum Warenkorb hinzufügen"></button></div></div><script type="text/javascript">
                    if (!window.ReweBasket) {
                        window.ReweBasket = {}
                    }
                </script><script type="text/javascript">
                    (function () {
                      var event = 'basket:addToBasketbuttonV2Render';
                      var customEvent;
                      var data = {};
                      if (typeof CustomEvent === 'function') {
                          customEvent = new CustomEvent(event, {detail: data});
                      } else {
                          customEvent = document.createEvent('CustomEvent');
                          customEvent.initCustomEvent(event, false, false, data);
                      }
                      document.dispatchEvent(customEvent);
                    })();
                </script></div></meso-data></div></div></div><div class="search-service-product Product_product__maAwA" aria-labelledby="13-4337256211727-rewe-online-services|48466001-231011-product-title"><div><input type="hidden" name="nan" value="8254461" /><input type="hidden" name="listingId" value="13-4337256211727-rewe-online-services|48466001-231011" /></div><div class="search-service-productDetailsWrapper Product_productDetailsWrapper__bX_s8"><a class="search-service-productDetailsLink Product_productDetailsLink__hXXfb" href="/p/rewe-bio-bacon-wuerfel-schwein-80g/8254461"><div class="search-service-pictureWrapper ProductMediaWrapper_pictureWrapper__ZHKoX"><div class="search-service-productPicture ProductMediaWrapper_productPicture__OXMYf"><div class="search-service-rsProductsMedia ProductMedia_rsProductsMedia__TgDb_"><picture><source srcSet="https://img.rewe-static.de/8254461/29093184_digital-image.png?resize=152px:152px&amp;output-quality=80&amp;output-format=webp&amp;im=BackgroundColor,color=fffff 152w, https://img.rewe-static.de/8254461/29093184_digital-image.png?resize=304px:304px&amp;output-quality=80&amp;output-format=webp&amp;im=BackgroundColor,color=fffff 304w, https://img.rewe-static.de/8254461/29093184_digital-image.png?resize=456px:456px&amp;output-quality=80&amp;output-format=webp&amp;im=BackgroundColor,color=fffff 456w, https://img.rewe-static.de/8254461/29093184_digital-image.png?resize=88px:88px&amp;output-quality=80&amp;output-format=webp&amp;im=BackgroundColor,color=fffff 88w, https://img.rewe-static.de/8254461/29093184_digital-image.png?resize=176px:176px&amp;output-quality=80&amp;output-format=webp&amp;im=BackgroundColor,color=fffff 176w, https://img.rewe-static.de/8254461/29093184_digital-image.png?resize=264px:264px&amp;output-quality=80&amp;output-format=webp&amp;im=BackgroundColor,color=fffff 264w" sizes="(min-width: 580px) 152px, 88px" type="image/webp" /><source srcSet="https://img.rewe-static.de/8254461/29093184_digital-image.png?resize=152px:152px&amp;output-quality=80&amp;output-format=jpeg2000&amp;im=BackgroundColor,color=fffff 152w, https://img.rewe-static.de/8254461/29093184_digital-image.png?resize=304px:304px&amp;output-quality=80&amp;output-format=jpeg2000&amp;im=BackgroundColor,color=fffff 304w, https://img.rewe-static.de/8254461/29093184_digital-image.png?resize=456px:456px&amp;output-quality=80&amp;output-format=jpeg2000&amp;im=BackgroundColor,color=fffff 456w, https://img.rewe-static.de/8254461/29093184_digital-image.png?resize=88px:88px&amp;output-quality=80&amp;output-format=jpeg2000&amp;im=BackgroundColor,color=fffff 88w, https://img.rewe-static.de/8254461/29093184_digital-image.png?resize=176px:176px&amp;output-quality=80&amp;output-format=jpeg2000&amp;im=BackgroundColor,color=fffff 176w, https://img.rewe-static.de/8254461/29093184_digital-image.png?resize=264px:264px&amp;output-quality=80&amp;output-format=jpeg2000&amp;im=BackgroundColor,color=fffff 264w" sizes="(min-width: 580px) 152px, 88px" type="image/jp2" /><source srcSet="https://img.rewe-static.de/8254461/29093184_digital-image.png?resize=152px:152px&amp;output-quality=80&amp;output-format=jpeg&amp;im=BackgroundColor,color=fffff 152w, https://img.rewe-static.de/8254461/29093184_digital-image.png?resize=304px:304px&amp;output-quality=80&amp;output-format=jpeg&amp;im=BackgroundColor,color=fffff 304w, https://img.rewe-static.de/8254461/29093184_digital-image.png?resize=456px:456px&amp;output-quality=80&amp;output-format=jpeg&amp;im=BackgroundColor,color=fffff 456w, https://img.rewe-static.de/8254461/29093184_digital-image.png?resize=88px:88px&amp;output-quality=80&amp;output-format=jpeg&amp;im=BackgroundColor,color=fffff 88w, https://img.rewe-static.de/8254461/29093184_digital-image.png?resize=176px:176px&amp;output-quality=80&amp;output-format=jpeg&amp;im=BackgroundColor,color=fffff 176w, https://img.rewe-static.de/8254461/29093184_digital-image.png?resize=264px:264px&amp;output-quality=80&amp;output-format=jpeg&amp;im=BackgroundColor,color=fffff 264w" sizes="(min-width: 580px) 152px, 88px" /><img src="https://img.rewe-static.de/8254461/29093184_digital-image.png?resize=152px:152px&amp;output-quality=80&amp;output-format=jpeg&amp;im=BackgroundColor,color=fffff" width="152" height="152" alt="REWE Bio Bacon-Würfel Schwein 80g" loading="lazy" /></picture></div></div><div class="BadgesContainer_productBadges__mIOO1 search-service-productBadges"><div class="badge_style_organicBadge__kj91r badge_style_badgeItem__vUyhV search-service-organicBadge search-service-badgeItem"></div></div></div><div class="ProductDetailsWrapper_productDetails__7vI_z search-service-productDetails"><div class="ProductDetailsWrapper_partnerName__CqluS search-service-partnerName ProductDetailsWrapper_partnerNameEmpty__c5rTb search-service-partnerNameEmpty"></div><div class="ProductDetailsWrapper_productTitleWrapper__nJ1Fr search-service-productTitleWrapper"><h4 class="ProductDetailsWrapper_productTitle__XjgsA search-service-productTitle" id="13-4337256211727-rewe-online-services|48466001-231011-product-title"><div class="LinesEllipsis  ">REWE Bio Bacon-Würfel Schwein 80g<wbr/></div></h4></div><div class="ProductGrammage_productGrammage__fMOJr search-service-productGrammage"><div>80g (1 kg = 19,88 €)</div></div><div class="search-service-productDetailsFill ProductDetailsWrapper_productDetailsFill__TNboB"></div><div><div class="search-service-productPrice ProductPriceDisplay_productPrice__pqWxK">1,59 €</div></div></div></a></div><div class="search-service-basketButtons Product_basketButtons__SYAkC"><div class="search-service-ProductActions ProductActions_ProductActions__D_l5E"><meso-data data-listingid="13-4337256211727-rewe-online-services|48466001-231011" data-productid="8254461" data-orderlimit="99" data-amount="1" data-context="product-list-category"><div class="search-service-addToCartHandlerWrapper Add2CartHandler_addToCartHandlerWrapper__bvELT"><div class="bs_add2cart_container"><div class="bs_shopping_list_wrapper"><div class="lrms-favorite-button-container"></div><script type="application/json" class="favoritebutton-propstore">{"additionalUiData":{"assetBaseUrl":"https://shop.rewe-static.de/rewe-myproducts/b0c5748b220aaf8bd2a2aed167bba4ca9b3027d0","staticAssetBaseUrl":"https://shop.rewe-static.de/rewe-myproducts","favoritesBaseUrl":"/api/favorites","anonymousFavoritesBaseUrl":"/api/anonymousfavorites"},"testgroups":["prefilled-basket-myproducts"],"togglz":[]}</script></div><div class="bs_amount-handler bs_add2cart bs_amount-zero" data-is-initialized="false"><button class="basket-button bs_amount-minus basket_ripple" disabled></button><input type="number" pattern="[0-9]*" value="0" class="basket-input bs_amount-input" autocomplete="off"><button class="basket-button bs_amount-plus basket_ripple" aria-label="Produkt zum Warenkorb hinzufügen"></button></div></div><script type="text/javascript">
                    if (!window.ReweBasket) {
                        window.ReweBasket = {}
                    }
                </script><script type="text/javascript">
                    (function () {
                      var event = 'basket:addToBasketbuttonV2Render';
                      var customEvent;
                      var data = {};
                      if (typeof CustomEvent === 'function') {
                          customEvent = new CustomEvent(event, {detail: data});
                      } else {
                          customEvent = document.createEvent('CustomEvent');
                          customEvent.initCustomEvent(event, false, false, data);
                      }
                      document.dispatchEvent(customEvent);
                    })();
                </script></div></meso-data></div></div></div><div class="search-service-product Product_product__maAwA" aria-labelledby="8-ZZ9E4QO4-rewe-online-services|48466001-231011-product-title"><div><input type="hidden" name="nan" value="7789471" /><input type="hidden" name="listingId" value="8-ZZ9E4QO4-rewe-online-services|48466001-231011" /></div><div class="search-service-productDetailsWrapper Product_productDetailsWrapper__bX_s8"><a class="search-service-productDetailsLink Product_productDetailsLink__hXXfb" href="/p/rewe-regional-hackfleisch-gemischt-500g/7789471"><div class="search-service-pictureWrapper ProductMediaWrapper_pictureWrapper__ZHKoX"><div class="ProductMediaWrapper_regionalBadge__iWNkT">Regional</div><div class="search-service-productPicture ProductMediaWrapper_productPicture__OXMYf"><div class="search-service-rsProductsMedia ProductMedia_rsProductsMedia__TgDb_"><picture><source srcSet="https://img.rewe-static.de/7789471/36713087_digital-image.png?resize=152px:152px&amp;output-quality=80&amp;output-format=webp&amp;im=BackgroundColor,color=fffff 152w, https://img.rewe-static.de/7789471/36713087_digital-image.png?resize=304px:304px&amp;output-quality=80&amp;output-format=webp&amp;im=BackgroundColor,color=fffff 304w, https://img.rewe-static.de/7789471/36713087_digital-image.png?resize=456px:456px&amp;output-quality=80&amp;output-format=webp&amp;im=BackgroundColor,color=fffff 456w, https://img.rewe-static.de/7789471/36713087_digital-image.png?resize=88px:88px&amp;output-quality=80&amp;output-format=webp&amp;im=BackgroundColor,color=fffff 88w, https://img.rewe-static.de/7789471/36713087_digital-image.png?resize=176px:176px&amp;output-quality=80&amp;output-format=webp&amp;im=BackgroundColor,color=fffff 176w, https://img.rewe-static.de/7789471/36713087_digital-image.png?resize=264px:264px&amp;output-quality=80&amp;output-format=webp&amp;im=BackgroundColor,color=fffff 264w" sizes="(min-width: 580px) 152px, 88px" type="image/webp" /><source srcSet="https://img.rewe-static.de/7789471/36713087_digital-image.png?resize=152px:152px&amp;output-quality=80&amp;output-format=jpeg2000&amp;im=BackgroundColor,color=fffff 152w, https://img.rewe-static.de/7789471/36713087_digital-image.png?resize=304px:304px&amp;output-quality=80&amp;output-format=jpeg2000&amp;im=BackgroundColor,color=fffff 304w, https://img.rewe-static.de/7789471/36713087_digital-image.png?resize=456px:456px&amp;output-quality=80&amp;output-format=jpeg2000&amp;im=BackgroundColor,color=fffff 456w, https://img.rewe-static.de/7789471/36713087_digital-image.png?resize=88px:88px&amp;output-quality=80&amp;output-format=jpeg2000&amp;im=BackgroundColor,color=fffff 88w, https://img.rewe-static.de/7789471/36713087_digital-image.png?resize=176px:176px&amp;output-quality=80&amp;output-format=jpeg2000&amp;im=BackgroundColor,color=fffff 176w, https://img.rewe-static.de/7789471/36713087_digital-image.png?resize=264px:264px&amp;output-quality=80&amp;output-format=jpeg2000&amp;im=BackgroundColor,color=fffff 264w" sizes="(min-width: 580px) 152px, 88px" type="image/jp2" /><source srcSet="https://img.rewe-static.de/7789471/36713087_digital-image.png?resize=152px:152px&amp;output-quality=80&amp;output-format=jpeg&amp;im=BackgroundColor,color=fffff 152w, https://img.rewe-static.de/7789471/36713087_digital-image.png?resize=304px:304px&amp;output-quality=80&amp;output-format=jpeg&amp;im=BackgroundColor,color=fffff 304w, https://img.rewe-static.de/7789471/36713087_digital-image.png?resize=456px:456px&amp;output-quality=80&amp;output-format=jpeg&amp;im=BackgroundColor,color=fffff 456w, https://img.rewe-static.de/7789471/36713087_digital-image.png?resize=88px:88px&amp;output-quality=80&amp;output-format=jpeg&amp;im=BackgroundColor,color=fffff 88w, https://img.rewe-static.de/7789471/36713087_digital-image.png?resize=176px:176px&amp;output-quality=80&amp;output-format=jpeg&amp;im=BackgroundColor,color=fffff 176w, https://img.rewe-static.de/7789471/36713087_digital-image.png?resize=264px:264px&amp;output-quality=80&amp;output-format=jpeg&amp;im=BackgroundColor,color=fffff 264w" sizes="(min-width: 580px) 152px, 88px" /><img src="https://img.rewe-static.de/7789471/36713087_digital-image.png?resize=152px:152px&amp;output-quality=80&amp;output-format=jpeg&amp;im=BackgroundColor,color=fffff" width="152" height="152" alt="REWE Regional Hackfleisch gemischt 500g" loading="lazy" /></picture></div></div><div class="BadgesContainer_productBadges__mIOO1 search-service-productBadges"></div></div><div class="ProductDetailsWrapper_productDetails__7vI_z search-service-productDetails"><div class="ProductDetailsWrapper_partnerName__CqluS search-service-partnerName ProductDetailsWrapper_partnerNameEmpty__c5rTb search-service-partnerNameEmpty"></div><div class="ProductDetailsWrapper_productTitleWrapper__nJ1Fr search-service-productTitleWrapper"><h4 class="ProductDetailsWrapper_productTitle__XjgsA search-service-productTitle" id="8-ZZ9E4QO4-rewe-online-services|48466001-231011-product-title"><div class="LinesEllipsis  ">REWE Regional Hackfleisch gemischt 500g<wbr/></div></h4></div><div class="ProductGrammage_productGrammage__fMOJr search-service-productGrammage"><div>500g (1 kg = 11,96 €)</div></div><div class="search-service-productDetailsFill ProductDetailsWrapper_productDetailsFill__TNboB"></div><div><div class="search-service-productPrice ProductPriceDisplay_productPrice__pqWxK">5,98 €</div></div></div></a></div><div class="search-service-basketButtons Product_basketButtons__SYAkC"><div class="search-service-ProductActions ProductActions_ProductActions__D_l5E"><meso-data data-listingid="8-ZZ9E4QO4-rewe-online-services|48466001-231011" data-productid="7789471" data-orderlimit="99" data-amount="1" data-context="product-list-category"><div class="search-service-addToCartHandlerWrapper Add2CartHandler_addToCartHandlerWrapper__bvELT"><div class="bs_add2cart_container"><div class="bs_shopping_list_wrapper"><div class="lrms-favorite-button-container"></div><script type="application/json" class="favoritebutton-propstore">{"additionalUiData":{"assetBaseUrl":"https://shop.rewe-static.de/rewe-myproducts/b0c5748b220aaf8bd2a2aed167bba4ca9b3027d0","staticAssetBaseUrl":"https://shop.rewe-static.de/rewe-myproducts","favoritesBaseUrl":"/api/favorites","anonymousFavoritesBaseUrl":"/api/anonymousfavorites"},"testgroups":["prefilled-basket-myproducts"],"togglz":[]}</script></div><div class="bs_amount-handler bs_add2cart bs_amount-zero" data-is-initialized="false"><button class="basket-button bs_amount-minus basket_ripple" disabled></button><input type="number" pattern="[0-9]*" value="0" class="basket-input bs_amount-input" autocomplete="off"><button class="basket-button bs_amount-plus basket_ripple" aria-label="Produkt zum Warenkorb hinzufügen"></button></div></div><script type="text/javascript">
                    if (!window.ReweBasket) {
                        window.ReweBasket = {}
                    }
                </script><script type="text/javascript">
                    (function () {
                      var event = 'basket:addToBasketbuttonV2Render';
                      var customEvent;
                      var data = {};
                      if (typeof CustomEvent === 'function') {
                          customEvent = new CustomEvent(event, {detail: data});
                      } else {
                          customEvent = document.createEvent('CustomEvent');
                          customEvent.initCustomEvent(event, false, false, data);
                      }
                      document.dispatchEvent(customEvent);
                    })();
                </script></div></meso-data></div></div></div><div class="search-service-product Product_product__maAwA" aria-labelledby="13-4009239512298-rewe-online-services|48466001-231011-product-title"><div><input type="hidden" name="nan" value="8437260" /><input type="hidden" name="listingId" value="13-4009239512298-rewe-online-services|48466001-231011" /></div><div class="search-service-productDetailsWrapper Product_productDetailsWrapper__bX_s8"><a class="search-service-productDetailsLink Product_productDetailsLink__hXXfb" href="/p/deutsche-see-lachsfilet-250g/8437260"><div class="search-service-pictureWrapper ProductMediaWrapper_pictureWrapper__ZHKoX"><div class="search-service-productPicture ProductMediaWrapper_productPicture__OXMYf"><div class="search-service-rsProductsMedia ProductMedia_rsProductsMedia__TgDb_"><picture><source srcSet="https://img.rewe-static.de/8437260/30793152_digital-image.png?resize=152px:152px&amp;output-quality=80&amp;output-format=webp&amp;im=BackgroundColor,color=fffff 152w, https://img.rewe-static.de/8437260/30793152_digital-image.png?resize=304px:304px&amp;output-quality=80&amp;output-format=webp&amp;im=BackgroundColor,color=fffff 304w, https://img.rewe-static.de/8437260/30793152_digital-image.png?resize=456px:456px&amp;output-quality=80&amp;output-format=webp&amp;im=BackgroundColor,color=fffff 456w, https://img.rewe-static.de/8437260/30793152_digital-image.png?resize=88px:88px&amp;output-quality=80&amp;output-format=webp&amp;im=BackgroundColor,color=fffff 88w, https://img.rewe-static.de/8437260/30793152_digital-image.png?resize=176px:176px&amp;output-quality=80&amp;output-format=webp&amp;im=BackgroundColor,color=fffff 176w, https://img.rewe-static.de/8437260/30793152_digital-image.png?resize=264px:264px&amp;output-quality=80&amp;output-format=webp&amp;im=BackgroundColor,color=fffff 264w" sizes="(min-width: 580px) 152px, 88px" type="image/webp" /><source srcSet="https://img.rewe-static.de/8437260/30793152_digital-image.png?resize=152px:152px&amp;output-quality=80&amp;output-format=jpeg2000&amp;im=BackgroundColor,color=fffff 152w, https://img.rewe-static.de/8437260/30793152_digital-image.png?resize=304px:304px&amp;output-quality=80&amp;output-format=jpeg2000&amp;im=BackgroundColor,color=fffff 304w, https://img.rewe-static.de/8437260/30793152_digital-image.png?resize=456px:456px&amp;output-quality=80&amp;output-format=jpeg2000&amp;im=BackgroundColor,color=fffff 456w, https://img.rewe-static.de/8437260/30793152_digital-image.png?resize=88px:88px&amp;output-quality=80&amp;output-format=jpeg2000&amp;im=BackgroundColor,color=fffff 88w, https://img.rewe-static.de/8437260/30793152_digital-image.png?resize=176px:176px&amp;output-quality=80&amp;output-format=jpeg2000&amp;im=BackgroundColor,color=fffff 176w, https://img.rewe-static.de/8437260/30793152_digital-image.png?resize=264px:264px&amp;output-quality=80&amp;output-format=jpeg2000&amp;im=BackgroundColor,color=fffff 264w" sizes="(min-width: 580px) 152px, 88px" type="image/jp2" /><source srcSet="https://img.rewe-static.de/8437260/30793152_digital-image.png?resize=152px:152px&amp;output-quality=80&amp;output-format=jpeg&amp;im=BackgroundColor,color=fffff 152w, https://img.rewe-static.de/8437260/30793152_digital-image.png?resize=304px:304px&amp;output-quality=80&amp;output-format=jpeg&amp;im=BackgroundColor,color=fffff 304w, https://img.rewe-static.de/8437260/30793152_digital-image.png?resize=456px:456px&amp;output-quality=80&amp;output-format=jpeg&amp;im=BackgroundColor,color=fffff 456w, https://img.rewe-static.de/8437260/30793152_digital-image.png?resize=88px:88px&amp;output-quality=80&amp;output-format=jpeg&amp;im=BackgroundColor,color=fffff 88w, https://img.rewe-static.de/8437260/30793152_digital-image.png?resize=176px:176px&amp;output-quality=80&amp;output-format=jpeg&amp;im=BackgroundColor,color=fffff 176w, https://img.rewe-static.de/8437260/30793152_digital-image.png?resize=264px:264px&amp;output-quality=80&amp;output-format=jpeg&amp;im=BackgroundColor,color=fffff 264w" sizes="(min-width: 580px) 152px, 88px" /><img src="https://img.rewe-static.de/8437260/30793152_digital-image.png?resize=152px:152px&amp;output-quality=80&amp;output-format=jpeg&amp;im=BackgroundColor,color=fffff" width="152" height="152" alt="Deutsche See Lachsfilet 250g" loading="lazy" /></picture></div></div><div class="BadgesContainer_productBadges__mIOO1 search-service-productBadges"></div></div><div class="ProductDetailsWrapper_productDetails__7vI_z search-service-productDetails"><div class="ProductDetailsWrapper_partnerName__CqluS search-service-partnerName ProductDetailsWrapper_partnerNameEmpty__c5rTb search-service-partnerNameEmpty"></div><div class="ProductDetailsWrapper_productTitleWrapper__nJ1Fr search-service-productTitleWrapper"><h4 class="ProductDetailsWrapper_productTitle__XjgsA search-service-productTitle" id="13-4009239512298-rewe-online-services|48466001-231011-product-title"><div class="LinesEllipsis  ">Deutsche See Lachsfilet 250g<wbr/></div></h4></div><div class="ProductGrammage_productGrammage__fMOJr search-service-productGrammage"><div>250g (1 kg = 25,96 €)</div></div><div class="search-service-productDetailsFill ProductDetailsWrapper_productDetailsFill__TNboB"></div><div><div class="search-service-productPrice ProductPriceDisplay_productPrice__pqWxK">6,49 €</div></div></div></a></div><div class="search-service-basketButtons Product_basketButtons__SYAkC"><div class="search-service-ProductActions ProductActions_ProductActions__D_l5E"><meso-data data-listingid="13-4009239512298-rewe-online-services|48466001-231011" data-productid="8437260" data-orderlimit="99" data-amount="1" data-context="product-list-category"><div class="search-service-addToCartHandlerWrapper Add2CartHandler_addToCartHandlerWrapper__bvELT"><div class="bs_add2cart_container"><div class="bs_shopping_list_wrapper"><div class="lrms-favorite-button-container"></div><script type="application/json" class="favoritebutton-propstore">{"additionalUiData":{"assetBaseUrl":"https://shop.rewe-static.de/rewe-myproducts/b0c5748b220aaf8bd2a2aed167bba4ca9b3027d0","staticAssetBaseUrl":"https://shop.rewe-static.de/rewe-myproducts","favoritesBaseUrl":"/api/favorites","anonymousFavoritesBaseUrl":"/api/anonymousfavorites"},"testgroups":["prefilled-basket-myproducts"],"togglz":[]}</script></div><div class="bs_amount-handler bs_add2cart bs_amount-zero" data-is-initialized="false"><button class="basket-button bs_amount-minus basket_ripple" disabled></button><input type="number" pattern="[0-9]*" value="0" class="basket-input bs_amount-input" autocomplete="off"><button class="basket-button bs_amount-plus basket_ripple" aria-label="Produkt zum Warenkorb hinzufügen"></button></div></div><script type="text/javascript">
                    if (!window.ReweBasket) {
                        window.ReweBasket = {}
                    }
                </script><script type="text/javascript">
                    (function () {
                      var event = 'basket:addToBasketbuttonV2Render';
                      var customEvent;
                      var data = {};
                      if (typeof CustomEvent === 'function') {
                          customEvent = new CustomEvent(event, {detail: data});
                      } else {
                          customEvent = document.createEvent('CustomEvent');
                          customEvent.initCustomEvent(event, false, false, data);
                      }
                      document.dispatchEvent(customEvent);
                    })();
                </script></div></meso-data></div></div></div><div class="search-service-product Product_product__maAwA" aria-labelledby="13-8007660665411-rewe-online-services|48466001-231011-product-title"><div><input type="hidden" name="nan" value="1424183" /><input type="hidden" name="listingId" value="13-8007660665411-rewe-online-services|48466001-231011" /></div><div class="search-service-productDetailsWrapper Product_productDetailsWrapper__bX_s8"><a class="search-service-productDetailsLink Product_productDetailsLink__hXXfb" href="/p/rewe-feine-welt-prosciutto-cotto-100g/1424183"><div class="search-service-pictureWrapper ProductMediaWrapper_pictureWrapper__ZHKoX"><div class="search-service-productPicture ProductMediaWrapper_productPicture__OXMYf"><div class="search-service-rsProductsMedia ProductMedia_rsProductsMedia__TgDb_"><picture><source srcSet="https://img.rewe-static.de/1424183/20580573_digital-image.png?resize=152px:152px&amp;output-quality=80&amp;output-format=webp&amp;im=BackgroundColor,color=fffff 152w, https://img.rewe-static.de/1424183/20580573_digital-image.png?resize=304px:304px&amp;output-quality=80&amp;output-format=webp&amp;im=BackgroundColor,color=fffff 304w, https://img.rewe-static.de/1424183/20580573_digital-image.png?resize=456px:456px&amp;output-quality=80&amp;output-format=webp&amp;im=BackgroundColor,color=fffff 456w, https://img.rewe-static.de/1424183/20580573_digital-image.png?resize=88px:88px&amp;output-quality=80&amp;output-format=webp&amp;im=BackgroundColor,color=fffff 88w, https://img.rewe-static.de/1424183/20580573_digital-image.png?resize=176px:176px&amp;output-quality=80&amp;output-format=webp&amp;im=BackgroundColor,color=fffff 176w, https://img.rewe-static.de/1424183/20580573_digital-image.png?resize=264px:264px&amp;output-quality=80&amp;output-format=webp&amp;im=BackgroundColor,color=fffff 264w" sizes="(min-width: 580px) 152px, 88px" type="image/webp" /><source srcSet="https://img.rewe-static.de/1424183/20580573_digital-image.png?resize=152px:152px&amp;output-quality=80&amp;output-format=jpeg2000&amp;im=BackgroundColor,color=fffff 152w, https://img.rewe-static.de/1424183/20580573_digital-image.png?resize=304px:304px&amp;output-quality=80&amp;output-format=jpeg2000&amp;im=BackgroundColor,color=fffff 304w, https://img.rewe-static.de/1424183/20580573_digital-image.png?resize=456px:456px&amp;output-quality=80&amp;output-format=jpeg2000&amp;im=BackgroundColor,color=fffff 456w, https://img.rewe-static.de/1424183/20580573_digital-image.png?resize=88px:88px&amp;output-quality=80&amp;output-format=jpeg2000&amp;im=BackgroundColor,color=fffff 88w, https://img.rewe-static.de/1424183/20580573_digital-image.png?resize=176px:176px&amp;output-quality=80&amp;output-format=jpeg2000&amp;im=BackgroundColor,color=fffff 176w, https://img.rewe-static.de/1424183/20580573_digital-image.png?resize=264px:264px&amp;output-quality=80&amp;output-format=jpeg2000&amp;im=BackgroundColor,color=fffff 264w" sizes="(min-width: 580px) 152px, 88px" type="image/jp2" /><source srcSet="https://img.rewe-static.de/1424183/20580573_digital-image.png?resize=152px:152px&amp;output-quality=80&amp;output-format=jpeg&amp;im=BackgroundColor,color=fffff 152w, https://img.rewe-static.de/1424183/20580573_digital-image.png?resize=304px:304px&amp;output-quality=80&amp;output-format=jpeg&amp;im=BackgroundColor,color=fffff 304w, https://img.rewe-static.de/1424183/20580573_digital-image.png?resize=456px:456px&amp;output-quality=80&amp;output-format=jpeg&amp;im=BackgroundColor,color=fffff 456w, https://img.rewe-static.de/1424183/20580573_digital-image.png?resize=88px:88px&amp;output-quality=80&amp;output-format=jpeg&amp;im=BackgroundColor,color=fffff 88w, https://img.rewe-static.de/1424183/20580573_digital-image.png?resize=176px:176px&amp;output-quality=80&amp;output-format=jpeg&amp;im=BackgroundColor,color=fffff 176w, https://img.rewe-static.de/1424183/20580573_digital-image.png?resize=264px:264px&amp;output-quality=80&amp;output-format=jpeg&amp;im=BackgroundColor,color=fffff 264w" sizes="(min-width: 580px) 152px, 88px" /><img src="https://img.rewe-static.de/1424183/20580573_digital-image.png?resize=152px:152px&amp;output-quality=80&amp;output-format=jpeg&amp;im=BackgroundColor,color=fffff" width="152" height="152" alt="REWE Feine Welt Prosciutto Cotto 100g" loading="lazy" /></picture></div></div><div class="BadgesContainer_productBadges__mIOO1 search-service-productBadges"><div class="badge_style_badgeItem__vUyhV search-service-badgeItem badge_style_offerBadge__g2br1 search-service-offerBadge">%</div></div></div><div class="ProductDetailsWrapper_productDetails__7vI_z search-service-productDetails"><div class="ProductDetailsWrapper_partnerName__CqluS search-service-partnerName ProductDetailsWrapper_partnerNameEmpty__c5rTb search-service-partnerNameEmpty"></div><div class="ProductDetailsWrapper_productTitleWrapper__nJ1Fr search-service-productTitleWrapper"><h4 class="ProductDetailsWrapper_productTitle__XjgsA search-service-productTitle" id="13-8007660665411-rewe-online-services|48466001-231011-product-title"><div class="LinesEllipsis  ">REWE Feine Welt Prosciutto Cotto 100g<wbr/></div></h4></div><div class="ProductGrammage_productGrammage__fMOJr search-service-productGrammage"><div>100g (1 kg = 37,90 €)</div></div><div class="search-service-productDetailsFill ProductDetailsWrapper_productDetailsFill__TNboB"></div><div><div class="search-service-productOffer DiscountElements_productOffer__Oh1_0"><div class="search-service-productOfferFirstLine DiscountElements_productOfferFirstLine__s4lCO"><div class="search-service-productOfferDuration DiscountElements_productOfferDuration__gRZTl">bis <!-- -->20.04.2024</div></div><div class="search-service-productOfferSecondLine DiscountElements_productOfferSecondLine__7f_Wd"><div class="search-service-productOfferPrice DiscountElements_productOfferPrice__nOtuY">3,79 €</div></div></div></div></div></a></div><div class="search-service-basketButtons Product_basketButtons__SYAkC"><div class="search-service-ProductActions ProductActions_ProductActions__D_l5E"><meso-data data-listingid="13-8007660665411-rewe-online-services|48466001-231011" data-productid="1424183" data-orderlimit="15" data-amount="1" data-context="product-list-category"><div class="search-service-addToCartHandlerWrapper Add2CartHandler_addToCartHandlerWrapper__bvELT"><div class="bs_add2cart_container"><div class="bs_shopping_list_wrapper"><div class="lrms-favorite-button-container"></div><script type="application/json" class="favoritebutton-propstore">{"additionalUiData":{"assetBaseUrl":"https://shop.rewe-static.de/rewe-myproducts/b0c5748b220aaf8bd2a2aed167bba4ca9b3027d0","staticAssetBaseUrl":"https://shop.rewe-static.de/rewe-myproducts","favoritesBaseUrl":"/api/favorites","anonymousFavoritesBaseUrl":"/api/anonymousfavorites"},"testgroups":["prefilled-basket-myproducts"],"togglz":[]}</script></div><div class="bs_amount-handler bs_add2cart bs_amount-zero" data-is-initialized="false"><button class="basket-button bs_amount-minus basket_ripple" disabled></button><input type="number" pattern="[0-9]*" value="0" class="basket-input bs_amount-input" autocomplete="off"><button class="basket-button bs_amount-plus basket_ripple" aria-label="Produkt zum Warenkorb hinzufügen"></button></div></div><script type="text/javascript">
                    if (!window.ReweBasket) {
                        window.ReweBasket = {}
                    }
                </script><script type="text/javascript">
                    (function () {
                      var event = 'basket:addToBasketbuttonV2Render';
                      var customEvent;
                      var data = {};
                      if (typeof CustomEvent === 'function') {
                          customEvent = new CustomEvent(event, {detail: data});
                      } else {
                          customEvent = document.createEvent('CustomEvent');
                          customEvent.initCustomEvent(event, false, false, data);
                      }
                      document.dispatchEvent(customEvent);
                    })();
                </script></div></meso-data></div></div></div><div class="search-service-product Product_product__maAwA" aria-labelledby="8-7ZCTGUMB-rewe-online-services|48466001-231011-product-title"><div><input type="hidden" name="nan" value="8583362" /><input type="hidden" name="listingId" value="8-7ZCTGUMB-rewe-online-services|48466001-231011" /></div><div class="search-service-productDetailsWrapper Product_productDetailsWrapper__bX_s8"><a class="search-service-productDetailsLink Product_productDetailsLink__hXXfb" href="/p/rewe-bio-vegan-raeucher-tofu-2x175g/8583362"><div class="search-service-pictureWrapper ProductMediaWrapper_pictureWrapper__ZHKoX"><div class="search-service-productPicture ProductMediaWrapper_productPicture__OXMYf"><div class="search-service-rsProductsMedia ProductMedia_rsProductsMedia__TgDb_"><picture><source srcSet="https://img.rewe-static.de/8583362/33782951_digital-image.png?resize=152px:152px&amp;output-quality=80&amp;output-format=webp&amp;im=BackgroundColor,color=fffff 152w, https://img.rewe-static.de/8583362/33782951_digital-image.png?resize=304px:304px&amp;output-quality=80&amp;output-format=webp&amp;im=BackgroundColor,color=fffff 304w, https://img.rewe-static.de/8583362/33782951_digital-image.png?resize=456px:456px&amp;output-quality=80&amp;output-format=webp&amp;im=BackgroundColor,color=fffff 456w, https://img.rewe-static.de/8583362/33782951_digital-image.png?resize=88px:88px&amp;output-quality=80&amp;output-format=webp&amp;im=BackgroundColor,color=fffff 88w, https://img.rewe-static.de/8583362/33782951_digital-image.png?resize=176px:176px&amp;output-quality=80&amp;output-format=webp&amp;im=BackgroundColor,color=fffff 176w, https://img.rewe-static.de/8583362/33782951_digital-image.png?resize=264px:264px&amp;output-quality=80&amp;output-format=webp&amp;im=BackgroundColor,color=fffff 264w" sizes="(min-width: 580px) 152px, 88px" type="image/webp" /><source srcSet="https://img.rewe-static.de/8583362/33782951_digital-image.png?resize=152px:152px&amp;output-quality=80&amp;output-format=jpeg2000&amp;im=BackgroundColor,color=fffff 152w, https://img.rewe-static.de/8583362/33782951_digital-image.png?resize=304px:304px&amp;output-quality=80&amp;output-format=jpeg2000&amp;im=BackgroundColor,color=fffff 304w, https://img.rewe-static.de/8583362/33782951_digital-image.png?resize=456px:456px&amp;output-quality=80&amp;output-format=jpeg2000&amp;im=BackgroundColor,color=fffff 456w, https://img.rewe-static.de/8583362/33782951_digital-image.png?resize=88px:88px&amp;output-quality=80&amp;output-format=jpeg2000&amp;im=BackgroundColor,color=fffff 88w, https://img.rewe-static.de/8583362/33782951_digital-image.png?resize=176px:176px&amp;output-quality=80&amp;output-format=jpeg2000&amp;im=BackgroundColor,color=fffff 176w, https://img.rewe-static.de/8583362/33782951_digital-image.png?resize=264px:264px&amp;output-quality=80&amp;output-format=jpeg2000&amp;im=BackgroundColor,color=fffff 264w" sizes="(min-width: 580px) 152px, 88px" type="image/jp2" /><source srcSet="https://img.rewe-static.de/8583362/33782951_digital-image.png?resize=152px:152px&amp;output-quality=80&amp;output-format=jpeg&amp;im=BackgroundColor,color=fffff 152w, https://img.rewe-static.de/8583362/33782951_digital-image.png?resize=304px:304px&amp;output-quality=80&amp;output-format=jpeg&amp;im=BackgroundColor,color=fffff 304w, https://img.rewe-static.de/8583362/33782951_digital-image.png?resize=456px:456px&amp;output-quality=80&amp;output-format=jpeg&amp;im=BackgroundColor,color=fffff 456w, https://img.rewe-static.de/8583362/33782951_digital-image.png?resize=88px:88px&amp;output-quality=80&amp;output-format=jpeg&amp;im=BackgroundColor,color=fffff 88w, https://img.rewe-static.de/8583362/33782951_digital-image.png?resize=176px:176px&amp;output-quality=80&amp;output-format=jpeg&amp;im=BackgroundColor,color=fffff 176w, https://img.rewe-static.de/8583362/33782951_digital-image.png?resize=264px:264px&amp;output-quality=80&amp;output-format=jpeg&amp;im=BackgroundColor,color=fffff 264w" sizes="(min-width: 580px) 152px, 88px" /><img src="https://img.rewe-static.de/8583362/33782951_digital-image.png?resize=152px:152px&amp;output-quality=80&amp;output-format=jpeg&amp;im=BackgroundColor,color=fffff" width="152" height="152" alt="REWE Bio + vegan Räucher-Tofu 2x175g" loading="lazy" /></picture></div></div><div class="BadgesContainer_productBadges__mIOO1 search-service-productBadges"><div class="badge_style_organicBadge__kj91r badge_style_badgeItem__vUyhV search-service-organicBadge search-service-badgeItem"></div></div></div><div class="ProductDetailsWrapper_productDetails__7vI_z search-service-productDetails"><div class="ProductDetailsWrapper_partnerName__CqluS search-service-partnerName ProductDetailsWrapper_partnerNameEmpty__c5rTb search-service-partnerNameEmpty"></div><div class="ProductDetailsWrapper_productTitleWrapper__nJ1Fr search-service-productTitleWrapper"><h4 class="ProductDetailsWrapper_productTitle__XjgsA search-service-productTitle" id="8-7ZCTGUMB-rewe-online-services|48466001-231011-product-title"><div class="LinesEllipsis  ">REWE Bio + vegan Räucher-Tofu 2x175g<wbr/></div></h4></div><div class="ProductGrammage_productGrammage__fMOJr search-service-productGrammage"><div>2x175g (1 kg = 6,26 €)</div></div><div class="search-service-productDetailsFill ProductDetailsWrapper_productDetailsFill__TNboB"></div><div><div class="search-service-productPrice ProductPriceDisplay_productPrice__pqWxK">2,19 €</div></div></div></a></div><div class="search-service-basketButtons Product_basketButtons__SYAkC"><div class="search-service-ProductActions ProductActions_ProductActions__D_l5E"><meso-data data-listingid="8-7ZCTGUMB-rewe-online-services|48466001-231011" data-productid="8583362" data-orderlimit="99" data-amount="1" data-context="product-list-category"><div class="search-service-addToCartHandlerWrapper Add2CartHandler_addToCartHandlerWrapper__bvELT"><div class="bs_add2cart_container"><div class="bs_shopping_list_wrapper"><div class="lrms-favorite-button-container"></div><script type="application/json" class="favoritebutton-propstore">{"additionalUiData":{"assetBaseUrl":"https://shop.rewe-static.de/rewe-myproducts/b0c5748b220aaf8bd2a2aed167bba4ca9b3027d0","staticAssetBaseUrl":"https://shop.rewe-static.de/rewe-myproducts","favoritesBaseUrl":"/api/favorites","anonymousFavoritesBaseUrl":"/api/anonymousfavorites"},"testgroups":["prefilled-basket-myproducts"],"togglz":[]}</script></div><div class="bs_amount-handler bs_add2cart bs_amount-zero" data-is-initialized="false"><button class="basket-button bs_amount-minus basket_ripple" disabled></button><input type="number" pattern="[0-9]*" value="0" class="basket-input bs_amount-input" autocomplete="off"><button class="basket-button bs_amount-plus basket_ripple" aria-label="Produkt zum Warenkorb hinzufügen"></button></div></div><script type="text/javascript">
                    if (!window.ReweBasket) {
                        window.ReweBasket = {}
                    }
                </script><script type="text/javascript">
                    (function () {
                      var event = 'basket:addToBasketbuttonV2Render';
                      var customEvent;
                      var data = {};
                      if (typeof CustomEvent === 'function') {
                          customEvent = new CustomEvent(event, {detail: data});
                      } else {
                          customEvent = document.createEvent('CustomEvent');
                          customEvent.initCustomEvent(event, false, false, data);
                      }
                      document.dispatchEvent(customEvent);
                    })();
                </script></div></meso-data></div></div></div><div class="search-service-product Product_product__maAwA" aria-labelledby="13-4000405004593-rewe-online-services|48466001-231011-product-title"><div><input type="hidden" name="nan" value="8139443" /><input type="hidden" name="listingId" value="13-4000405004593-rewe-online-services|48466001-231011" /></div><div class="search-service-productDetailsWrapper Product_productDetailsWrapper__bX_s8"><a class="search-service-productDetailsLink Product_productDetailsLink__hXXfb" href="/p/ruegenwalder-muehle-veganer-schinken-spicker-mit-grillgemuese-80g/8139443"><div class="search-service-pictureWrapper ProductMediaWrapper_pictureWrapper__ZHKoX"><div class="search-service-productPicture ProductMediaWrapper_productPicture__OXMYf"><div class="search-service-rsProductsMedia ProductMedia_rsProductsMedia__TgDb_"><picture><source srcSet="https://img.rewe-static.de/8139443/28792969_digital-image.png?resize=152px:152px&amp;output-quality=80&amp;output-format=webp&amp;im=BackgroundColor,color=fffff 152w, https://img.rewe-static.de/8139443/28792969_digital-image.png?resize=304px:304px&amp;output-quality=80&amp;output-format=webp&amp;im=BackgroundColor,color=fffff 304w, https://img.rewe-static.de/8139443/28792969_digital-image.png?resize=456px:456px&amp;output-quality=80&amp;output-format=webp&amp;im=BackgroundColor,color=fffff 456w, https://img.rewe-static.de/8139443/28792969_digital-image.png?resize=88px:88px&amp;output-quality=80&amp;output-format=webp&amp;im=BackgroundColor,color=fffff 88w, https://img.rewe-static.de/8139443/28792969_digital-image.png?resize=176px:176px&amp;output-quality=80&amp;output-format=webp&amp;im=BackgroundColor,color=fffff 176w, https://img.rewe-static.de/8139443/28792969_digital-image.png?resize=264px:264px&amp;output-quality=80&amp;output-format=webp&amp;im=BackgroundColor,color=fffff 264w" sizes="(min-width: 580px) 152px, 88px" type="image/webp" /><source srcSet="https://img.rewe-static.de/8139443/28792969_digital-image.png?resize=152px:152px&amp;output-quality=80&amp;output-format=jpeg2000&amp;im=BackgroundColor,color=fffff 152w, https://img.rewe-static.de/8139443/28792969_digital-image.png?resize=304px:304px&amp;output-quality=80&amp;output-format=jpeg2000&amp;im=BackgroundColor,color=fffff 304w, https://img.rewe-static.de/8139443/28792969_digital-image.png?resize=456px:456px&amp;output-quality=80&amp;output-format=jpeg2000&amp;im=BackgroundColor,color=fffff 456w, https://img.rewe-static.de/8139443/28792969_digital-image.png?resize=88px:88px&amp;output-quality=80&amp;output-format=jpeg2000&amp;im=BackgroundColor,color=fffff 88w, https://img.rewe-static.de/8139443/28792969_digital-image.png?resize=176px:176px&amp;output-quality=80&amp;output-format=jpeg2000&amp;im=BackgroundColor,color=fffff 176w, https://img.rewe-static.de/8139443/28792969_digital-image.png?resize=264px:264px&amp;output-quality=80&amp;output-format=jpeg2000&amp;im=BackgroundColor,color=fffff 264w" sizes="(min-width: 580px) 152px, 88px" type="image/jp2" /><source srcSet="https://img.rewe-static.de/8139443/28792969_digital-image.png?resize=152px:152px&amp;output-quality=80&amp;output-format=jpeg&amp;im=BackgroundColor,color=fffff 152w, https://img.rewe-static.de/8139443/28792969_digital-image.png?resize=304px:304px&amp;output-quality=80&amp;output-format=jpeg&amp;im=BackgroundColor,color=fffff 304w, https://img.rewe-static.de/8139443/28792969_digital-image.png?resize=456px:456px&amp;output-quality=80&amp;output-format=jpeg&amp;im=BackgroundColor,color=fffff 456w, https://img.rewe-static.de/8139443/28792969_digital-image.png?resize=88px:88px&amp;output-quality=80&amp;output-format=jpeg&amp;im=BackgroundColor,color=fffff 88w, https://img.rewe-static.de/8139443/28792969_digital-image.png?resize=176px:176px&amp;output-quality=80&amp;output-format=jpeg&amp;im=BackgroundColor,color=fffff 176w, https://img.rewe-static.de/8139443/28792969_digital-image.png?resize=264px:264px&amp;output-quality=80&amp;output-format=jpeg&amp;im=BackgroundColor,color=fffff 264w" sizes="(min-width: 580px) 152px, 88px" /><img src="https://img.rewe-static.de/8139443/28792969_digital-image.png?resize=152px:152px&amp;output-quality=80&amp;output-format=jpeg&amp;im=BackgroundColor,color=fffff" width="152" height="152" alt="Rügenwalder Mühle Veganer Schinken Spicker mit Grillgemüse 80g" loading="lazy" /></picture></div></div><div class="BadgesContainer_productBadges__mIOO1 search-service-productBadges"></div></div><div class="ProductDetailsWrapper_productDetails__7vI_z search-service-productDetails"><div class="ProductDetailsWrapper_partnerName__CqluS search-service-partnerName ProductDetailsWrapper_partnerNameEmpty__c5rTb search-service-partnerNameEmpty"></div><div class="ProductDetailsWrapper_productTitleWrapper__nJ1Fr search-service-productTitleWrapper"><h4 class="ProductDetailsWrapper_productTitle__XjgsA search-service-productTitle" id="13-4000405004593-rewe-online-services|48466001-231011-product-title"><div class="LinesEllipsis  ">Rügenwalder Mühle Veganer Schinken Spicker mit Grillgemüse 80g<wbr/></div></h4></div><div class="ProductGrammage_productGrammage__fMOJr search-service-productGrammage"><div>80g (1 kg = 19,88 €)</div></div><div class="search-service-productDetailsFill ProductDetailsWrapper_productDetailsFill__TNboB"></div><div><div class="search-service-productPrice ProductPriceDisplay_productPrice__pqWxK">1,59 €</div></div></div></a></div><div class="search-service-basketButtons Product_basketButtons__SYAkC"><div class="search-service-ProductActions ProductActions_ProductActions__D_l5E"><meso-data data-listingid="13-4000405004593-rewe-online-services|48466001-231011" data-productid="8139443" data-orderlimit="99" data-amount="1" data-context="product-list-category"><div class="search-service-addToCartHandlerWrapper Add2CartHandler_addToCartHandlerWrapper__bvELT"><div class="bs_add2cart_container"><div class="bs_shopping_list_wrapper"><div class="lrms-favorite-button-container"></div><script type="application/json" class="favoritebutton-propstore">{"additionalUiData":{"assetBaseUrl":"https://shop.rewe-static.de/rewe-myproducts/b0c5748b220aaf8bd2a2aed167bba4ca9b3027d0","staticAssetBaseUrl":"https://shop.rewe-static.de/rewe-myproducts","favoritesBaseUrl":"/api/favorites","anonymousFavoritesBaseUrl":"/api/anonymousfavorites"},"testgroups":["prefilled-basket-myproducts"],"togglz":[]}</script></div><div class="bs_amount-handler bs_add2cart bs_amount-zero" data-is-initialized="false"><button class="basket-button bs_amount-minus basket_ripple" disabled></button><input type="number" pattern="[0-9]*" value="0" class="basket-input bs_amount-input" autocomplete="off"><button class="basket-button bs_amount-plus basket_ripple" aria-label="Produkt zum Warenkorb hinzufügen"></button></div></div><script type="text/javascript">
                    if (!window.ReweBasket) {
                        window.ReweBasket = {}
                    }
                </script><script type="text/javascript">
                    (function () {
                      var event = 'basket:addToBasketbuttonV2Render';
                      var customEvent;
                      var data = {};
                      if (typeof CustomEvent === 'function') {
                          customEvent = new CustomEvent(event, {detail: data});
                      } else {
                          customEvent = document.createEvent('CustomEvent');
                          customEvent.initCustomEvent(event, false, false, data);
                      }
                      document.dispatchEvent(customEvent);
                    })();
                </script></div></meso-data></div></div></div><div class="search-service-product Product_product__maAwA" aria-labelledby="13-4000405002605-rewe-online-services|48466001-231011-product-title"><div><input type="hidden" name="nan" value="1402241" /><input type="hidden" name="listingId" value="13-4000405002605-rewe-online-services|48466001-231011" /></div><div class="search-service-productDetailsWrapper Product_productDetailsWrapper__bX_s8"><a class="search-service-productDetailsLink Product_productDetailsLink__hXXfb" href="/p/ruegenwalder-muehle-muehlen-frikadellen-gefluegel-165g/1402241"><div class="search-service-pictureWrapper ProductMediaWrapper_pictureWrapper__ZHKoX"><div class="search-service-productPicture ProductMediaWrapper_productPicture__OXMYf"><div class="search-service-rsProductsMedia ProductMedia_rsProductsMedia__TgDb_"><picture><source srcSet="https://img.rewe-static.de/1402241/20251343_digital-image.png?resize=152px:152px&amp;output-quality=80&amp;output-format=webp&amp;im=BackgroundColor,color=fffff 152w, https://img.rewe-static.de/1402241/20251343_digital-image.png?resize=304px:304px&amp;output-quality=80&amp;output-format=webp&amp;im=BackgroundColor,color=fffff 304w, https://img.rewe-static.de/1402241/20251343_digital-image.png?resize=456px:456px&amp;output-quality=80&amp;output-format=webp&amp;im=BackgroundColor,color=fffff 456w, https://img.rewe-static.de/1402241/20251343_digital-image.png?resize=88px:88px&amp;output-quality=80&amp;output-format=webp&amp;im=BackgroundColor,color=fffff 88w, https://img.rewe-static.de/1402241/20251343_digital-image.png?resize=176px:176px&amp;output-quality=80&amp;output-format=webp&amp;im=BackgroundColor,color=fffff 176w, https://img.rewe-static.de/1402241/20251343_digital-image.png?resize=264px:264px&amp;output-quality=80&amp;output-format=webp&amp;im=BackgroundColor,color=fffff 264w" sizes="(min-width: 580px) 152px, 88px" type="image/webp" /><source srcSet="https://img.rewe-static.de/1402241/20251343_digital-image.png?resize=152px:152px&amp;output-quality=80&amp;output-format=jpeg2000&amp;im=BackgroundColor,color=fffff 152w, https://img.rewe-static.de/1402241/20251343_digital-image.png?resize=304px:304px&amp;output-quality=80&amp;output-format=jpeg2000&amp;im=BackgroundColor,color=fffff 304w, https://img.rewe-static.de/1402241/20251343_digital-image.png?resize=456px:456px&amp;output-quality=80&amp;output-format=jpeg2000&amp;im=BackgroundColor,color=fffff 456w, https://img.rewe-static.de/1402241/20251343_digital-image.png?resize=88px:88px&amp;output-quality=80&amp;output-format=jpeg2000&amp;im=BackgroundColor,color=fffff 88w, https://img.rewe-static.de/1402241/20251343_digital-image.png?resize=176px:176px&amp;output-quality=80&amp;output-format=jpeg2000&amp;im=BackgroundColor,color=fffff 176w, https://img.rewe-static.de/1402241/20251343_digital-image.png?resize=264px:264px&amp;output-quality=80&amp;output-format=jpeg2000&amp;im=BackgroundColor,color=fffff 264w" sizes="(min-width: 580px) 152px, 88px" type="image/jp2" /><source srcSet="https://img.rewe-static.de/1402241/20251343_digital-image.png?resize=152px:152px&amp;output-quality=80&amp;output-format=jpeg&amp;im=BackgroundColor,color=fffff 152w, https://img.rewe-static.de/1402241/20251343_digital-image.png?resize=304px:304px&amp;output-quality=80&amp;output-format=jpeg&amp;im=BackgroundColor,color=fffff 304w, https://img.rewe-static.de/1402241/20251343_digital-image.png?resize=456px:456px&amp;output-quality=80&amp;output-format=jpeg&amp;im=BackgroundColor,color=fffff 456w, https://img.rewe-static.de/1402241/20251343_digital-image.png?resize=88px:88px&amp;output-quality=80&amp;output-format=jpeg&amp;im=BackgroundColor,color=fffff 88w, https://img.rewe-static.de/1402241/20251343_digital-image.png?resize=176px:176px&amp;output-quality=80&amp;output-format=jpeg&amp;im=BackgroundColor,color=fffff 176w, https://img.rewe-static.de/1402241/20251343_digital-image.png?resize=264px:264px&amp;output-quality=80&amp;output-format=jpeg&amp;im=BackgroundColor,color=fffff 264w" sizes="(min-width: 580px) 152px, 88px" /><img src="https://img.rewe-static.de/1402241/20251343_digital-image.png?resize=152px:152px&amp;output-quality=80&amp;output-format=jpeg&amp;im=BackgroundColor,color=fffff" width="152" height="152" alt="Rügenwalder Mühle Mühlen-Frikadellen Geflügel 165g" loading="lazy" /></picture></div></div><div class="BadgesContainer_productBadges__mIOO1 search-service-productBadges"><div class="badge_style_badgeItem__vUyhV search-service-badgeItem badge_style_offerBadge__g2br1 search-service-offerBadge">%</div></div></div><div class="ProductDetailsWrapper_productDetails__7vI_z search-service-productDetails"><div class="ProductDetailsWrapper_partnerName__CqluS search-service-partnerName ProductDetailsWrapper_partnerNameEmpty__c5rTb search-service-partnerNameEmpty"></div><div class="ProductDetailsWrapper_productTitleWrapper__nJ1Fr search-service-productTitleWrapper"><h4 class="ProductDetailsWrapper_productTitle__XjgsA search-service-productTitle" id="13-4000405002605-rewe-online-services|48466001-231011-product-title"><div class="LinesEllipsis  ">Rügenwalder Mühle Mühlen-Frikadellen Geflügel 165g<wbr/></div></h4></div><div class="ProductGrammage_productGrammage__fMOJr search-service-productGrammage"><div>165g (1 kg = 14,48 €)</div></div><div class="search-service-productDetailsFill ProductDetailsWrapper_productDetailsFill__TNboB"></div><div><div class="search-service-productOffer DiscountElements_productOffer__Oh1_0"><div class="search-service-productOfferFirstLine DiscountElements_productOfferFirstLine__s4lCO"><div class="search-service-productOfferDuration DiscountElements_productOfferDuration__gRZTl">bis <!-- -->20.04.2024</div></div><div class="search-service-productOfferSecondLine DiscountElements_productOfferSecondLine__7f_Wd"><div class="search-service-productOfferPrice DiscountElements_productOfferPrice__nOtuY">2,39 €</div></div></div></div></div></a></div><div class="search-service-basketButtons Product_basketButtons__SYAkC"><div class="search-service-ProductActions ProductActions_ProductActions__D_l5E"><meso-data data-listingid="13-4000405002605-rewe-online-services|48466001-231011" data-productid="1402241" data-orderlimit="15" data-amount="1" data-context="product-list-category"><div class="search-service-addToCartHandlerWrapper Add2CartHandler_addToCartHandlerWrapper__bvELT"><div class="bs_add2cart_container"><div class="bs_shopping_list_wrapper"><div class="lrms-favorite-button-container"></div><script type="application/json" class="favoritebutton-propstore">{"additionalUiData":{"assetBaseUrl":"https://shop.rewe-static.de/rewe-myproducts/b0c5748b220aaf8bd2a2aed167bba4ca9b3027d0","staticAssetBaseUrl":"https://shop.rewe-static.de/rewe-myproducts","favoritesBaseUrl":"/api/favorites","anonymousFavoritesBaseUrl":"/api/anonymousfavorites"},"testgroups":["prefilled-basket-myproducts"],"togglz":[]}</script></div><div class="bs_amount-handler bs_add2cart bs_amount-zero" data-is-initialized="false"><button class="basket-button bs_amount-minus basket_ripple" disabled></button><input type="number" pattern="[0-9]*" value="0" class="basket-input bs_amount-input" autocomplete="off"><button class="basket-button bs_amount-plus basket_ripple" aria-label="Produkt zum Warenkorb hinzufügen"></button></div></div><script type="text/javascript">
                    if (!window.ReweBasket) {
                        window.ReweBasket = {}
                    }
                </script><script type="text/javascript">
                    (function () {
                      var event = 'basket:addToBasketbuttonV2Render';
                      var customEvent;
                      var data = {};
                      if (typeof CustomEvent === 'function') {
                          customEvent = new CustomEvent(event, {detail: data});
                      } else {
                          customEvent = document.createEvent('CustomEvent');
                          customEvent.initCustomEvent(event, false, false, data);
                      }
                      document.dispatchEvent(customEvent);
                    })();
                </script></div></meso-data></div></div></div><div class="search-service-product Product_product__maAwA" aria-labelledby="8-NM9VEXOB-rewe-online-services|48466001-231011-product-title"><div><input type="hidden" name="nan" value="7788585" /><input type="hidden" name="listingId" value="8-NM9VEXOB-rewe-online-services|48466001-231011" /></div><div class="search-service-productDetailsWrapper Product_productDetailsWrapper__bX_s8"><a class="search-service-productDetailsLink Product_productDetailsLink__hXXfb" href="/p/rewe-feine-welt-mortadella-mit-pistazien-100g/7788585"><div class="search-service-pictureWrapper ProductMediaWrapper_pictureWrapper__ZHKoX"><div class="search-service-productPicture ProductMediaWrapper_productPicture__OXMYf"><div class="search-service-rsProductsMedia ProductMedia_rsProductsMedia__TgDb_"><picture><source srcSet="https://img.rewe-static.de/7788585/36697621_digital-image.png?resize=152px:152px&amp;output-quality=80&amp;output-format=webp&amp;im=BackgroundColor,color=fffff 152w, https://img.rewe-static.de/7788585/36697621_digital-image.png?resize=304px:304px&amp;output-quality=80&amp;output-format=webp&amp;im=BackgroundColor,color=fffff 304w, https://img.rewe-static.de/7788585/36697621_digital-image.png?resize=456px:456px&amp;output-quality=80&amp;output-format=webp&amp;im=BackgroundColor,color=fffff 456w, https://img.rewe-static.de/7788585/36697621_digital-image.png?resize=88px:88px&amp;output-quality=80&amp;output-format=webp&amp;im=BackgroundColor,color=fffff 88w, https://img.rewe-static.de/7788585/36697621_digital-image.png?resize=176px:176px&amp;output-quality=80&amp;output-format=webp&amp;im=BackgroundColor,color=fffff 176w, https://img.rewe-static.de/7788585/36697621_digital-image.png?resize=264px:264px&amp;output-quality=80&amp;output-format=webp&amp;im=BackgroundColor,color=fffff 264w" sizes="(min-width: 580px) 152px, 88px" type="image/webp" /><source srcSet="https://img.rewe-static.de/7788585/36697621_digital-image.png?resize=152px:152px&amp;output-quality=80&amp;output-format=jpeg2000&amp;im=BackgroundColor,color=fffff 152w, https://img.rewe-static.de/7788585/36697621_digital-image.png?resize=304px:304px&amp;output-quality=80&amp;output-format=jpeg2000&amp;im=BackgroundColor,color=fffff 304w, https://img.rewe-static.de/7788585/36697621_digital-image.png?resize=456px:456px&amp;output-quality=80&amp;output-format=jpeg2000&amp;im=BackgroundColor,color=fffff 456w, https://img.rewe-static.de/7788585/36697621_digital-image.png?resize=88px:88px&amp;output-quality=80&amp;output-format=jpeg2000&amp;im=BackgroundColor,color=fffff 88w, https://img.rewe-static.de/7788585/36697621_digital-image.png?resize=176px:176px&amp;output-quality=80&amp;output-format=jpeg2000&amp;im=BackgroundColor,color=fffff 176w, https://img.rewe-static.de/7788585/36697621_digital-image.png?resize=264px:264px&amp;output-quality=80&amp;output-format=jpeg2000&amp;im=BackgroundColor,color=fffff 264w" sizes="(min-width: 580px) 152px, 88px" type="image/jp2" /><source srcSet="https://img.rewe-static.de/7788585/36697621_digital-image.png?resize=152px:152px&amp;output-quality=80&amp;output-format=jpeg&amp;im=BackgroundColor,color=fffff 152w, https://img.rewe-static.de/7788585/36697621_digital-image.png?resize=304px:304px&amp;output-quality=80&amp;output-format=jpeg&amp;im=BackgroundColor,color=fffff 304w, https://img.rewe-static.de/7788585/36697621_digital-image.png?resize=456px:456px&amp;output-quality=80&amp;output-format=jpeg&amp;im=BackgroundColor,color=fffff 456w, https://img.rewe-static.de/7788585/36697621_digital-image.png?resize=88px:88px&amp;output-quality=80&amp;output-format=jpeg&amp;im=BackgroundColor,color=fffff 88w, https://img.rewe-static.de/7788585/36697621_digital-image.png?resize=176px:176px&amp;output-quality=80&amp;output-format=jpeg&amp;im=BackgroundColor,color=fffff 176w, https://img.rewe-static.de/7788585/36697621_digital-image.png?resize=264px:264px&amp;output-quality=80&amp;output-format=jpeg&amp;im=BackgroundColor,color=fffff 264w" sizes="(min-width: 580px) 152px, 88px" /><img src="https://img.rewe-static.de/7788585/36697621_digital-image.png?resize=152px:152px&amp;output-quality=80&amp;output-format=jpeg&amp;im=BackgroundColor,color=fffff" width="152" height="152" alt="REWE Feine Welt Mortadella mit Pistazien 100g" loading="lazy" /></picture></div></div><div class="BadgesContainer_productBadges__mIOO1 search-service-productBadges"><div class="badge_style_badgeItem__vUyhV search-service-badgeItem badge_style_offerBadge__g2br1 search-service-offerBadge">%</div></div></div><div class="ProductDetailsWrapper_productDetails__7vI_z search-service-productDetails"><div class="ProductDetailsWrapper_partnerName__CqluS search-service-partnerName ProductDetailsWrapper_partnerNameEmpty__c5rTb search-service-partnerNameEmpty"></div><div class="ProductDetailsWrapper_productTitleWrapper__nJ1Fr search-service-productTitleWrapper"><h4 class="ProductDetailsWrapper_productTitle__XjgsA search-service-productTitle" id="8-NM9VEXOB-rewe-online-services|48466001-231011-product-title"><div class="LinesEllipsis  ">REWE Feine Welt Mortadella mit Pistazien 100g<wbr/></div></h4></div><div class="ProductGrammage_productGrammage__fMOJr search-service-productGrammage"><div>100g (1 kg = 24,90 €)</div></div><div class="search-service-productDetailsFill ProductDetailsWrapper_productDetailsFill__TNboB"></div><div><div class="search-service-productOffer DiscountElements_productOffer__Oh1_0"><div class="search-service-productOfferFirstLine DiscountElements_productOfferFirstLine__s4lCO"><div class="search-service-productOfferDuration DiscountElements_productOfferDuration__gRZTl">bis <!-- -->20.04.2024</div></div><div class="search-service-productOfferSecondLine DiscountElements_productOfferSecondLine__7f_Wd"><div class="search-service-productOfferPrice DiscountElements_productOfferPrice__nOtuY">2,49 €</div></div></div></div></div></a></div><div class="search-service-basketButtons Product_basketButtons__SYAkC"><div class="search-service-ProductActions ProductActions_ProductActions__D_l5E"><meso-data data-listingid="8-NM9VEXOB-rewe-online-services|48466001-231011" data-productid="7788585" data-orderlimit="15" data-amount="1" data-context="product-list-category"><div class="search-service-addToCartHandlerWrapper Add2CartHandler_addToCartHandlerWrapper__bvELT"><div class="bs_add2cart_container"><div class="bs_shopping_list_wrapper"><div class="lrms-favorite-button-container"></div><script type="application/json" class="favoritebutton-propstore">{"additionalUiData":{"assetBaseUrl":"https://shop.rewe-static.de/rewe-myproducts/b0c5748b220aaf8bd2a2aed167bba4ca9b3027d0","staticAssetBaseUrl":"https://shop.rewe-static.de/rewe-myproducts","favoritesBaseUrl":"/api/favorites","anonymousFavoritesBaseUrl":"/api/anonymousfavorites"},"testgroups":["prefilled-basket-myproducts"],"togglz":[]}</script></div><div class="bs_amount-handler bs_add2cart bs_amount-zero" data-is-initialized="false"><button class="basket-button bs_amount-minus basket_ripple" disabled></button><input type="number" pattern="[0-9]*" value="0" class="basket-input bs_amount-input" autocomplete="off"><button class="basket-button bs_amount-plus basket_ripple" aria-label="Produkt zum Warenkorb hinzufügen"></button></div></div><script type="text/javascript">
                    if (!window.ReweBasket) {
                        window.ReweBasket = {}
                    }
                </script><script type="text/javascript">
                    (function () {
                      var event = 'basket:addToBasketbuttonV2Render';
                      var customEvent;
                      var data = {};
                      if (typeof CustomEvent === 'function') {
                          customEvent = new CustomEvent(event, {detail: data});
                      } else {
                          customEvent = document.createEvent('CustomEvent');
                          customEvent.initCustomEvent(event, false, false, data);
                      }
                      document.dispatchEvent(customEvent);
                    })();
                </script></div></meso-data></div></div></div><div class="search-service-product Product_product__maAwA" aria-labelledby="8-5ZG2VH8D-rewe-online-services|48466001-231011-product-title"><div><input type="hidden" name="nan" value="715195" /><input type="hidden" name="listingId" value="8-5ZG2VH8D-rewe-online-services|48466001-231011" /></div><div class="search-service-productDetailsWrapper Product_productDetailsWrapper__bX_s8"><a class="search-service-productDetailsLink Product_productDetailsLink__hXXfb" href="/p/gutfried-gefluegel-fleischwurst-400g/715195"><div class="search-service-pictureWrapper ProductMediaWrapper_pictureWrapper__ZHKoX"><div class="search-service-productPicture ProductMediaWrapper_productPicture__OXMYf"><div class="search-service-rsProductsMedia ProductMedia_rsProductsMedia__TgDb_"><picture><source srcSet="https://img.rewe-static.de/0715195/32350720_digital-image.png?resize=152px:152px&amp;output-quality=80&amp;output-format=webp&amp;im=BackgroundColor,color=fffff 152w, https://img.rewe-static.de/0715195/32350720_digital-image.png?resize=304px:304px&amp;output-quality=80&amp;output-format=webp&amp;im=BackgroundColor,color=fffff 304w, https://img.rewe-static.de/0715195/32350720_digital-image.png?resize=456px:456px&amp;output-quality=80&amp;output-format=webp&amp;im=BackgroundColor,color=fffff 456w, https://img.rewe-static.de/0715195/32350720_digital-image.png?resize=88px:88px&amp;output-quality=80&amp;output-format=webp&amp;im=BackgroundColor,color=fffff 88w, https://img.rewe-static.de/0715195/32350720_digital-image.png?resize=176px:176px&amp;output-quality=80&amp;output-format=webp&amp;im=BackgroundColor,color=fffff 176w, https://img.rewe-static.de/0715195/32350720_digital-image.png?resize=264px:264px&amp;output-quality=80&amp;output-format=webp&amp;im=BackgroundColor,color=fffff 264w" sizes="(min-width: 580px) 152px, 88px" type="image/webp" /><source srcSet="https://img.rewe-static.de/0715195/32350720_digital-image.png?resize=152px:152px&amp;output-quality=80&amp;output-format=jpeg2000&amp;im=BackgroundColor,color=fffff 152w, https://img.rewe-static.de/0715195/32350720_digital-image.png?resize=304px:304px&amp;output-quality=80&amp;output-format=jpeg2000&amp;im=BackgroundColor,color=fffff 304w, https://img.rewe-static.de/0715195/32350720_digital-image.png?resize=456px:456px&amp;output-quality=80&amp;output-format=jpeg2000&amp;im=BackgroundColor,color=fffff 456w, https://img.rewe-static.de/0715195/32350720_digital-image.png?resize=88px:88px&amp;output-quality=80&amp;output-format=jpeg2000&amp;im=BackgroundColor,color=fffff 88w, https://img.rewe-static.de/0715195/32350720_digital-image.png?resize=176px:176px&amp;output-quality=80&amp;output-format=jpeg2000&amp;im=BackgroundColor,color=fffff 176w, https://img.rewe-static.de/0715195/32350720_digital-image.png?resize=264px:264px&amp;output-quality=80&amp;output-format=jpeg2000&amp;im=BackgroundColor,color=fffff 264w" sizes="(min-width: 580px) 152px, 88px" type="image/jp2" /><source srcSet="https://img.rewe-static.de/0715195/32350720_digital-image.png?resize=152px:152px&amp;output-quality=80&amp;output-format=jpeg&amp;im=BackgroundColor,color=fffff 152w, https://img.rewe-static.de/0715195/32350720_digital-image.png?resize=304px:304px&amp;output-quality=80&amp;output-format=jpeg&amp;im=BackgroundColor,color=fffff 304w, https://img.rewe-static.de/0715195/32350720_digital-image.png?resize=456px:456px&amp;output-quality=80&amp;output-format=jpeg&amp;im=BackgroundColor,color=fffff 456w, https://img.rewe-static.de/0715195/32350720_digital-image.png?resize=88px:88px&amp;output-quality=80&amp;output-format=jpeg&amp;im=BackgroundColor,color=fffff 88w, https://img.rewe-static.de/0715195/32350720_digital-image.png?resize=176px:176px&amp;output-quality=80&amp;output-format=jpeg&amp;im=BackgroundColor,color=fffff 176w, https://img.rewe-static.de/0715195/32350720_digital-image.png?resize=264px:264px&amp;output-quality=80&amp;output-format=jpeg&amp;im=BackgroundColor,color=fffff 264w" sizes="(min-width: 580px) 152px, 88px" /><img src="https://img.rewe-static.de/0715195/32350720_digital-image.png?resize=152px:152px&amp;output-quality=80&amp;output-format=jpeg&amp;im=BackgroundColor,color=fffff" width="152" height="152" alt="Gutfried Geflügel-Fleischwurst 400g" loading="lazy" /></picture></div></div><div class="BadgesContainer_productBadges__mIOO1 search-service-productBadges"></div></div><div class="ProductDetailsWrapper_productDetails__7vI_z search-service-productDetails"><div class="ProductDetailsWrapper_partnerName__CqluS search-service-partnerName ProductDetailsWrapper_partnerNameEmpty__c5rTb search-service-partnerNameEmpty"></div><div class="ProductDetailsWrapper_productTitleWrapper__nJ1Fr search-service-productTitleWrapper"><h4 class="ProductDetailsWrapper_productTitle__XjgsA search-service-productTitle" id="8-5ZG2VH8D-rewe-online-services|48466001-231011-product-title"><div class="LinesEllipsis  ">Gutfried Geflügel-Fleischwurst 400g<wbr/></div></h4></div><div class="ProductGrammage_productGrammage__fMOJr search-service-productGrammage"><div>400g (1 kg = 8,73 €)</div></div><div class="search-service-productDetailsFill ProductDetailsWrapper_productDetailsFill__TNboB"></div><div><div class="search-service-productOffer BulkDiscountElements_productOffer__e9Jxc"><div class="search-service-productOfferFirstLine BulkDiscountElements_productOfferFirstLine__r2Dx1"><div class="search-service-BulkDiscountPromotionText BulkDiscountElements_BulkDiscountPromotionText__YuLkM">Ab 3 Stück 5% sparen</div></div><div class="search-service-productOfferSecondLine BulkDiscountElements_productOfferSecondLine___syNJ"><div class="search-service-productPrice BulkDiscountElements_productPrice__gz_76">3,49 €</div></div></div></div></div></a></div><div class="search-service-basketButtons Product_basketButtons__SYAkC"><div class="search-service-ProductActions ProductActions_ProductActions__D_l5E"><meso-data data-listingid="8-5ZG2VH8D-rewe-online-services|48466001-231011" data-productid="715195" data-orderlimit="99" data-amount="1" data-context="product-list-category"><div class="search-service-addToCartHandlerWrapper Add2CartHandler_addToCartHandlerWrapper__bvELT"><div class="bs_add2cart_container"><div class="bs_shopping_list_wrapper"><div class="lrms-favorite-button-container"></div><script type="application/json" class="favoritebutton-propstore">{"additionalUiData":{"assetBaseUrl":"https://shop.rewe-static.de/rewe-myproducts/b0c5748b220aaf8bd2a2aed167bba4ca9b3027d0","staticAssetBaseUrl":"https://shop.rewe-static.de/rewe-myproducts","favoritesBaseUrl":"/api/favorites","anonymousFavoritesBaseUrl":"/api/anonymousfavorites"},"testgroups":["prefilled-basket-myproducts"],"togglz":[]}</script></div><div class="bs_amount-handler bs_add2cart bs_amount-zero" data-is-initialized="false"><button class="basket-button bs_amount-minus basket_ripple" disabled></button><input type="number" pattern="[0-9]*" value="0" class="basket-input bs_amount-input" autocomplete="off"><button class="basket-button bs_amount-plus basket_ripple" aria-label="Produkt zum Warenkorb hinzufügen"></button></div></div><script type="text/javascript">
                    if (!window.ReweBasket) {
                        window.ReweBasket = {}
                    }
                </script><script type="text/javascript">
                    (function () {
                      var event = 'basket:addToBasketbuttonV2Render';
                      var customEvent;
                      var data = {};
                      if (typeof CustomEvent === 'function') {
                          customEvent = new CustomEvent(event, {detail: data});
                      } else {
                          customEvent = document.createEvent('CustomEvent');
                          customEvent.initCustomEvent(event, false, false, data);
                      }
                      document.dispatchEvent(customEvent);
                    })();
                </script></div></meso-data></div></div></div><div class="search-service-product Product_product__maAwA" aria-labelledby="13-4000582185290-rewe-online-services|48466001-231011-product-title"><div><input type="hidden" name="nan" value="2327516" /><input type="hidden" name="listingId" value="13-4000582185290-rewe-online-services|48466001-231011" /></div><div class="search-service-productDetailsWrapper Product_productDetailsWrapper__bX_s8"><a class="search-service-productDetailsLink Product_productDetailsLink__hXXfb" href="/p/herta-finesse-schinken-hauchzart-und-feinwuerzig-100g/2327516"><div class="search-service-pictureWrapper ProductMediaWrapper_pictureWrapper__ZHKoX"><div class="search-service-productPicture ProductMediaWrapper_productPicture__OXMYf"><div class="search-service-rsProductsMedia ProductMedia_rsProductsMedia__TgDb_"><picture><source srcSet="https://img.rewe-static.de/2327516/23455172_digital-image.png?resize=152px:152px&amp;output-quality=80&amp;output-format=webp&amp;im=BackgroundColor,color=fffff 152w, https://img.rewe-static.de/2327516/23455172_digital-image.png?resize=304px:304px&amp;output-quality=80&amp;output-format=webp&amp;im=BackgroundColor,color=fffff 304w, https://img.rewe-static.de/2327516/23455172_digital-image.png?resize=456px:456px&amp;output-quality=80&amp;output-format=webp&amp;im=BackgroundColor,color=fffff 456w, https://img.rewe-static.de/2327516/23455172_digital-image.png?resize=88px:88px&amp;output-quality=80&amp;output-format=webp&amp;im=BackgroundColor,color=fffff 88w, https://img.rewe-static.de/2327516/23455172_digital-image.png?resize=176px:176px&amp;output-quality=80&amp;output-format=webp&amp;im=BackgroundColor,color=fffff 176w, https://img.rewe-static.de/2327516/23455172_digital-image.png?resize=264px:264px&amp;output-quality=80&amp;output-format=webp&amp;im=BackgroundColor,color=fffff 264w" sizes="(min-width: 580px) 152px, 88px" type="image/webp" /><source srcSet="https://img.rewe-static.de/2327516/23455172_digital-image.png?resize=152px:152px&amp;output-quality=80&amp;output-format=jpeg2000&amp;im=BackgroundColor,color=fffff 152w, https://img.rewe-static.de/2327516/23455172_digital-image.png?resize=304px:304px&amp;output-quality=80&amp;output-format=jpeg2000&amp;im=BackgroundColor,color=fffff 304w, https://img.rewe-static.de/2327516/23455172_digital-image.png?resize=456px:456px&amp;output-quality=80&amp;output-format=jpeg2000&amp;im=BackgroundColor,color=fffff 456w, https://img.rewe-static.de/2327516/23455172_digital-image.png?resize=88px:88px&amp;output-quality=80&amp;output-format=jpeg2000&amp;im=BackgroundColor,color=fffff 88w, https://img.rewe-static.de/2327516/23455172_digital-image.png?resize=176px:176px&amp;output-quality=80&amp;output-format=jpeg2000&amp;im=BackgroundColor,color=fffff 176w, https://img.rewe-static.de/2327516/23455172_digital-image.png?resize=264px:264px&amp;output-quality=80&amp;output-format=jpeg2000&amp;im=BackgroundColor,color=fffff 264w" sizes="(min-width: 580px) 152px, 88px" type="image/jp2" /><source srcSet="https://img.rewe-static.de/2327516/23455172_digital-image.png?resize=152px:152px&amp;output-quality=80&amp;output-format=jpeg&amp;im=BackgroundColor,color=fffff 152w, https://img.rewe-static.de/2327516/23455172_digital-image.png?resize=304px:304px&amp;output-quality=80&amp;output-format=jpeg&amp;im=BackgroundColor,color=fffff 304w, https://img.rewe-static.de/2327516/23455172_digital-image.png?resize=456px:456px&amp;output-quality=80&amp;output-format=jpeg&amp;im=BackgroundColor,color=fffff 456w, https://img.rewe-static.de/2327516/23455172_digital-image.png?resize=88px:88px&amp;output-quality=80&amp;output-format=jpeg&amp;im=BackgroundColor,color=fffff 88w, https://img.rewe-static.de/2327516/23455172_digital-image.png?resize=176px:176px&amp;output-quality=80&amp;output-format=jpeg&amp;im=BackgroundColor,color=fffff 176w, https://img.rewe-static.de/2327516/23455172_digital-image.png?resize=264px:264px&amp;output-quality=80&amp;output-format=jpeg&amp;im=BackgroundColor,color=fffff 264w" sizes="(min-width: 580px) 152px, 88px" /><img src="https://img.rewe-static.de/2327516/23455172_digital-image.png?resize=152px:152px&amp;output-quality=80&amp;output-format=jpeg&amp;im=BackgroundColor,color=fffff" width="152" height="152" alt="Herta Finesse Schinken hauchzart und feinwürzig 100g" loading="lazy" /></picture></div></div><div class="BadgesContainer_productBadges__mIOO1 search-service-productBadges"></div></div><div class="ProductDetailsWrapper_productDetails__7vI_z search-service-productDetails"><div class="ProductDetailsWrapper_partnerName__CqluS search-service-partnerName ProductDetailsWrapper_partnerNameEmpty__c5rTb search-service-partnerNameEmpty"></div><div class="ProductDetailsWrapper_productTitleWrapper__nJ1Fr search-service-productTitleWrapper"><h4 class="ProductDetailsWrapper_productTitle__XjgsA search-service-productTitle" id="13-4000582185290-rewe-online-services|48466001-231011-product-title"><div class="LinesEllipsis  ">Herta Finesse Schinken hauchzart und feinwürzig 100g<wbr/></div></h4></div><div class="ProductGrammage_productGrammage__fMOJr search-service-productGrammage"><div>100g (1 kg = 24,90 €)</div></div><div class="search-service-productDetailsFill ProductDetailsWrapper_productDetailsFill__TNboB"></div><div><div class="search-service-productOffer BulkDiscountElements_productOffer__e9Jxc"><div class="search-service-productOfferFirstLine BulkDiscountElements_productOfferFirstLine__r2Dx1"><div class="search-service-BulkDiscountPromotionText BulkDiscountElements_BulkDiscountPromotionText__YuLkM">Ab 3 Stück 5% sparen</div></div><div class="search-service-productOfferSecondLine BulkDiscountElements_productOfferSecondLine___syNJ"><div class="search-service-productPrice BulkDiscountElements_productPrice__gz_76">2,49 €</div></div></div></div></div></a></div><div class="search-service-basketButtons Product_basketButtons__SYAkC"><div class="search-service-ProductActions ProductActions_ProductActions__D_l5E"><meso-data data-listingid="13-4000582185290-rewe-online-services|48466001-231011" data-productid="2327516" data-orderlimit="99" data-amount="1" data-context="product-list-category"><div class="search-service-addToCartHandlerWrapper Add2CartHandler_addToCartHandlerWrapper__bvELT"><div class="bs_add2cart_container"><div class="bs_shopping_list_wrapper"><div class="lrms-favorite-button-container"></div><script type="application/json" class="favoritebutton-propstore">{"additionalUiData":{"assetBaseUrl":"https://shop.rewe-static.de/rewe-myproducts/b0c5748b220aaf8bd2a2aed167bba4ca9b3027d0","staticAssetBaseUrl":"https://shop.rewe-static.de/rewe-myproducts","favoritesBaseUrl":"/api/favorites","anonymousFavoritesBaseUrl":"/api/anonymousfavorites"},"testgroups":["prefilled-basket-myproducts"],"togglz":[]}</script></div><div class="bs_amount-handler bs_add2cart bs_amount-zero" data-is-initialized="false"><button class="basket-button bs_amount-minus basket_ripple" disabled></button><input type="number" pattern="[0-9]*" value="0" class="basket-input bs_amount-input" autocomplete="off"><button class="basket-button bs_amount-plus basket_ripple" aria-label="Produkt zum Warenkorb hinzufügen"></button></div></div><script type="text/javascript">
                    if (!window.ReweBasket) {
                        window.ReweBasket = {}
                    }
                </script><script type="text/javascript">
                    (function () {
                      var event = 'basket:addToBasketbuttonV2Render';
                      var customEvent;
                      var data = {};
                      if (typeof CustomEvent === 'function') {
                          customEvent = new CustomEvent(event, {detail: data});
                      } else {
                          customEvent = document.createEvent('CustomEvent');
                          customEvent.initCustomEvent(event, false, false, data);
                      }
                      document.dispatchEvent(customEvent);
                    })();
                </script></div></meso-data></div></div></div><div class="search-service-product Product_product__maAwA" aria-labelledby="8-2M7QU57N-rewe-online-services|48466001-231011-product-title"><div><input type="hidden" name="nan" value="2167965" /><input type="hidden" name="listingId" value="8-2M7QU57N-rewe-online-services|48466001-231011" /></div><div class="search-service-productDetailsWrapper Product_productDetailsWrapper__bX_s8"><a class="search-service-productDetailsLink Product_productDetailsLink__hXXfb" href="/p/wilhelm-brandenburg-bayerischer-backleberkaese-100g/2167965"><div class="search-service-pictureWrapper ProductMediaWrapper_pictureWrapper__ZHKoX"><div class="search-service-productPicture ProductMediaWrapper_productPicture__OXMYf"><div class="search-service-rsProductsMedia ProductMedia_rsProductsMedia__TgDb_"><picture><source srcSet="https://img.rewe-static.de/2167965/22789414_digital-image.png?resize=152px:152px&amp;output-quality=80&amp;output-format=webp&amp;im=BackgroundColor,color=fffff 152w, https://img.rewe-static.de/2167965/22789414_digital-image.png?resize=304px:304px&amp;output-quality=80&amp;output-format=webp&amp;im=BackgroundColor,color=fffff 304w, https://img.rewe-static.de/2167965/22789414_digital-image.png?resize=456px:456px&amp;output-quality=80&amp;output-format=webp&amp;im=BackgroundColor,color=fffff 456w, https://img.rewe-static.de/2167965/22789414_digital-image.png?resize=88px:88px&amp;output-quality=80&amp;output-format=webp&amp;im=BackgroundColor,color=fffff 88w, https://img.rewe-static.de/2167965/22789414_digital-image.png?resize=176px:176px&amp;output-quality=80&amp;output-format=webp&amp;im=BackgroundColor,color=fffff 176w, https://img.rewe-static.de/2167965/22789414_digital-image.png?resize=264px:264px&amp;output-quality=80&amp;output-format=webp&amp;im=BackgroundColor,color=fffff 264w" sizes="(min-width: 580px) 152px, 88px" type="image/webp" /><source srcSet="https://img.rewe-static.de/2167965/22789414_digital-image.png?resize=152px:152px&amp;output-quality=80&amp;output-format=jpeg2000&amp;im=BackgroundColor,color=fffff 152w, https://img.rewe-static.de/2167965/22789414_digital-image.png?resize=304px:304px&amp;output-quality=80&amp;output-format=jpeg2000&amp;im=BackgroundColor,color=fffff 304w, https://img.rewe-static.de/2167965/22789414_digital-image.png?resize=456px:456px&amp;output-quality=80&amp;output-format=jpeg2000&amp;im=BackgroundColor,color=fffff 456w, https://img.rewe-static.de/2167965/22789414_digital-image.png?resize=88px:88px&amp;output-quality=80&amp;output-format=jpeg2000&amp;im=BackgroundColor,color=fffff 88w, https://img.rewe-static.de/2167965/22789414_digital-image.png?resize=176px:176px&amp;output-quality=80&amp;output-format=jpeg2000&amp;im=BackgroundColor,color=fffff 176w, https://img.rewe-static.de/2167965/22789414_digital-image.png?resize=264px:264px&amp;output-quality=80&amp;output-format=jpeg2000&amp;im=BackgroundColor,color=fffff 264w" sizes="(min-width: 580px) 152px, 88px" type="image/jp2" /><source srcSet="https://img.rewe-static.de/2167965/22789414_digital-image.png?resize=152px:152px&amp;output-quality=80&amp;output-format=jpeg&amp;im=BackgroundColor,color=fffff 152w, https://img.rewe-static.de/2167965/22789414_digital-image.png?resize=304px:304px&amp;output-quality=80&amp;output-format=jpeg&amp;im=BackgroundColor,color=fffff 304w, https://img.rewe-static.de/2167965/22789414_digital-image.png?resize=456px:456px&amp;output-quality=80&amp;output-format=jpeg&amp;im=BackgroundColor,color=fffff 456w, https://img.rewe-static.de/2167965/22789414_digital-image.png?resize=88px:88px&amp;output-quality=80&amp;output-format=jpeg&amp;im=BackgroundColor,color=fffff 88w, https://img.rewe-static.de/2167965/22789414_digital-image.png?resize=176px:176px&amp;output-quality=80&amp;output-format=jpeg&amp;im=BackgroundColor,color=fffff 176w, https://img.rewe-static.de/2167965/22789414_digital-image.png?resize=264px:264px&amp;output-quality=80&amp;output-format=jpeg&amp;im=BackgroundColor,color=fffff 264w" sizes="(min-width: 580px) 152px, 88px" /><img src="https://img.rewe-static.de/2167965/22789414_digital-image.png?resize=152px:152px&amp;output-quality=80&amp;output-format=jpeg&amp;im=BackgroundColor,color=fffff" width="152" height="152" alt="Wilhelm Brandenburg Bayerischer Backleberkäse 100g" loading="lazy" /></picture></div></div><div class="BadgesContainer_productBadges__mIOO1 search-service-productBadges"></div></div><div class="ProductDetailsWrapper_productDetails__7vI_z search-service-productDetails"><div class="ProductDetailsWrapper_partnerName__CqluS search-service-partnerName ProductDetailsWrapper_partnerNameEmpty__c5rTb search-service-partnerNameEmpty"></div><div class="ProductDetailsWrapper_productTitleWrapper__nJ1Fr search-service-productTitleWrapper"><h4 class="ProductDetailsWrapper_productTitle__XjgsA search-service-productTitle" id="8-2M7QU57N-rewe-online-services|48466001-231011-product-title"><div class="LinesEllipsis  ">Wilhelm Brandenburg Bayerischer Backleberkäse 100g<wbr/></div></h4></div><div class="ProductGrammage_productGrammage__fMOJr search-service-productGrammage"><div>100g (1 kg = 15,90 €)</div></div><div class="search-service-productDetailsFill ProductDetailsWrapper_productDetailsFill__TNboB"></div><div><div class="search-service-productPrice ProductPriceDisplay_productPrice__pqWxK">1,59 €</div></div></div></a></div><div class="search-service-basketButtons Product_basketButtons__SYAkC"><div class="search-service-ProductActions ProductActions_ProductActions__D_l5E"><meso-data data-listingid="8-2M7QU57N-rewe-online-services|48466001-231011" data-productid="2167965" data-orderlimit="99" data-amount="1" data-context="product-list-category"><div class="search-service-addToCartHandlerWrapper Add2CartHandler_addToCartHandlerWrapper__bvELT"><div class="bs_add2cart_container"><div class="bs_shopping_list_wrapper"><div class="lrms-favorite-button-container"></div><script type="application/json" class="favoritebutton-propstore">{"additionalUiData":{"assetBaseUrl":"https://shop.rewe-static.de/rewe-myproducts/b0c5748b220aaf8bd2a2aed167bba4ca9b3027d0","staticAssetBaseUrl":"https://shop.rewe-static.de/rewe-myproducts","favoritesBaseUrl":"/api/favorites","anonymousFavoritesBaseUrl":"/api/anonymousfavorites"},"testgroups":["prefilled-basket-myproducts"],"togglz":[]}</script></div><div class="bs_amount-handler bs_add2cart bs_amount-zero" data-is-initialized="false"><button class="basket-button bs_amount-minus basket_ripple" disabled></button><input type="number" pattern="[0-9]*" value="0" class="basket-input bs_amount-input" autocomplete="off"><button class="basket-button bs_amount-plus basket_ripple" aria-label="Produkt zum Warenkorb hinzufügen"></button></div></div><script type="text/javascript">
                    if (!window.ReweBasket) {
                        window.ReweBasket = {}
                    }
                </script><script type="text/javascript">
                    (function () {
                      var event = 'basket:addToBasketbuttonV2Render';
                      var customEvent;
                      var data = {};
                      if (typeof CustomEvent === 'function') {
                          customEvent = new CustomEvent(event, {detail: data});
                      } else {
                          customEvent = document.createEvent('CustomEvent');
                          customEvent.initCustomEvent(event, false, false, data);
                      }
                      document.dispatchEvent(customEvent);
                    })();
                </script></div></meso-data></div></div></div><div class="search-service-product Product_product__maAwA" aria-labelledby="13-4000582370597-rewe-online-services|48466001-231011-product-title"><div><input type="hidden" name="nan" value="2327613" /><input type="hidden" name="listingId" value="13-4000582370597-rewe-online-services|48466001-231011" /></div><div class="search-service-productDetailsWrapper Product_productDetailsWrapper__bX_s8"><a class="search-service-productDetailsLink Product_productDetailsLink__hXXfb" href="/p/herta-finesse-haehnchenbrust-ofengebacken-100g/2327613"><div class="search-service-pictureWrapper ProductMediaWrapper_pictureWrapper__ZHKoX"><div class="search-service-productPicture ProductMediaWrapper_productPicture__OXMYf"><div class="search-service-rsProductsMedia ProductMedia_rsProductsMedia__TgDb_"><picture><source srcSet="https://img.rewe-static.de/2327613/23879001_digital-image.png?resize=152px:152px&amp;output-quality=80&amp;output-format=webp&amp;im=BackgroundColor,color=fffff 152w, https://img.rewe-static.de/2327613/23879001_digital-image.png?resize=304px:304px&amp;output-quality=80&amp;output-format=webp&amp;im=BackgroundColor,color=fffff 304w, https://img.rewe-static.de/2327613/23879001_digital-image.png?resize=456px:456px&amp;output-quality=80&amp;output-format=webp&amp;im=BackgroundColor,color=fffff 456w, https://img.rewe-static.de/2327613/23879001_digital-image.png?resize=88px:88px&amp;output-quality=80&amp;output-format=webp&amp;im=BackgroundColor,color=fffff 88w, https://img.rewe-static.de/2327613/23879001_digital-image.png?resize=176px:176px&amp;output-quality=80&amp;output-format=webp&amp;im=BackgroundColor,color=fffff 176w, https://img.rewe-static.de/2327613/23879001_digital-image.png?resize=264px:264px&amp;output-quality=80&amp;output-format=webp&amp;im=BackgroundColor,color=fffff 264w" sizes="(min-width: 580px) 152px, 88px" type="image/webp" /><source srcSet="https://img.rewe-static.de/2327613/23879001_digital-image.png?resize=152px:152px&amp;output-quality=80&amp;output-format=jpeg2000&amp;im=BackgroundColor,color=fffff 152w, https://img.rewe-static.de/2327613/23879001_digital-image.png?resize=304px:304px&amp;output-quality=80&amp;output-format=jpeg2000&amp;im=BackgroundColor,color=fffff 304w, https://img.rewe-static.de/2327613/23879001_digital-image.png?resize=456px:456px&amp;output-quality=80&amp;output-format=jpeg2000&amp;im=BackgroundColor,color=fffff 456w, https://img.rewe-static.de/2327613/23879001_digital-image.png?resize=88px:88px&amp;output-quality=80&amp;output-format=jpeg2000&amp;im=BackgroundColor,color=fffff 88w, https://img.rewe-static.de/2327613/23879001_digital-image.png?resize=176px:176px&amp;output-quality=80&amp;output-format=jpeg2000&amp;im=BackgroundColor,color=fffff 176w, https://img.rewe-static.de/2327613/23879001_digital-image.png?resize=264px:264px&amp;output-quality=80&amp;output-format=jpeg2000&amp;im=BackgroundColor,color=fffff 264w" sizes="(min-width: 580px) 152px, 88px" type="image/jp2" /><source srcSet="https://img.rewe-static.de/2327613/23879001_digital-image.png?resize=152px:152px&amp;output-quality=80&amp;output-format=jpeg&amp;im=BackgroundColor,color=fffff 152w, https://img.rewe-static.de/2327613/23879001_digital-image.png?resize=304px:304px&amp;output-quality=80&amp;output-format=jpeg&amp;im=BackgroundColor,color=fffff 304w, https://img.rewe-static.de/2327613/23879001_digital-image.png?resize=456px:456px&amp;output-quality=80&amp;output-format=jpeg&amp;im=BackgroundColor,color=fffff 456w, https://img.rewe-static.de/2327613/23879001_digital-image.png?resize=88px:88px&amp;output-quality=80&amp;output-format=jpeg&amp;im=BackgroundColor,color=fffff 88w, https://img.rewe-static.de/2327613/23879001_digital-image.png?resize=176px:176px&amp;output-quality=80&amp;output-format=jpeg&amp;im=BackgroundColor,color=fffff 176w, https://img.rewe-static.de/2327613/23879001_digital-image.png?resize=264px:264px&amp;output-quality=80&amp;output-format=jpeg&amp;im=BackgroundColor,color=fffff 264w" sizes="(min-width: 580px) 152px, 88px" /><img src="https://img.rewe-static.de/2327613/23879001_digital-image.png?resize=152px:152px&amp;output-quality=80&amp;output-format=jpeg&amp;im=BackgroundColor,color=fffff" width="152" height="152" alt="Herta Finesse Hähnchenbrust ofengebacken 100g" loading="lazy" /></picture></div></div><div class="BadgesContainer_productBadges__mIOO1 search-service-productBadges"></div></div><div class="ProductDetailsWrapper_productDetails__7vI_z search-service-productDetails"><div class="ProductDetailsWrapper_partnerName__CqluS search-service-partnerName ProductDetailsWrapper_partnerNameEmpty__c5rTb search-service-partnerNameEmpty"></div><div class="ProductDetailsWrapper_productTitleWrapper__nJ1Fr search-service-productTitleWrapper"><h4 class="ProductDetailsWrapper_productTitle__XjgsA search-service-productTitle" id="13-4000582370597-rewe-online-services|48466001-231011-product-title"><div class="LinesEllipsis  ">Herta Finesse Hähnchenbrust ofengebacken 100g<wbr/></div></h4></div><div class="ProductGrammage_productGrammage__fMOJr search-service-productGrammage"><div>100g (1 kg = 24,90 €)</div></div><div class="search-service-productDetailsFill ProductDetailsWrapper_productDetailsFill__TNboB"></div><div><div class="search-service-productOffer BulkDiscountElements_productOffer__e9Jxc"><div class="search-service-productOfferFirstLine BulkDiscountElements_productOfferFirstLine__r2Dx1"><div class="search-service-BulkDiscountPromotionText BulkDiscountElements_BulkDiscountPromotionText__YuLkM">Ab 3 Stück 5% sparen</div></div><div class="search-service-productOfferSecondLine BulkDiscountElements_productOfferSecondLine___syNJ"><div class="search-service-productPrice BulkDiscountElements_productPrice__gz_76">2,49 €</div></div></div></div></div></a></div><div class="search-service-basketButtons Product_basketButtons__SYAkC"><div class="search-service-ProductActions ProductActions_ProductActions__D_l5E"><meso-data data-listingid="13-4000582370597-rewe-online-services|48466001-231011" data-productid="2327613" data-orderlimit="99" data-amount="1" data-context="product-list-category"><div class="search-service-addToCartHandlerWrapper Add2CartHandler_addToCartHandlerWrapper__bvELT"><div class="bs_add2cart_container"><div class="bs_shopping_list_wrapper"><div class="lrms-favorite-button-container"></div><script type="application/json" class="favoritebutton-propstore">{"additionalUiData":{"assetBaseUrl":"https://shop.rewe-static.de/rewe-myproducts/b0c5748b220aaf8bd2a2aed167bba4ca9b3027d0","staticAssetBaseUrl":"https://shop.rewe-static.de/rewe-myproducts","favoritesBaseUrl":"/api/favorites","anonymousFavoritesBaseUrl":"/api/anonymousfavorites"},"testgroups":["prefilled-basket-myproducts"],"togglz":[]}</script></div><div class="bs_amount-handler bs_add2cart bs_amount-zero" data-is-initialized="false"><button class="basket-button bs_amount-minus basket_ripple" disabled></button><input type="number" pattern="[0-9]*" value="0" class="basket-input bs_amount-input" autocomplete="off"><button class="basket-button bs_amount-plus basket_ripple" aria-label="Produkt zum Warenkorb hinzufügen"></button></div></div><script type="text/javascript">
                    if (!window.ReweBasket) {
                        window.ReweBasket = {}
                    }
                </script><script type="text/javascript">
                    (function () {
                      var event = 'basket:addToBasketbuttonV2Render';
                      var customEvent;
                      var data = {};
                      if (typeof CustomEvent === 'function') {
                          customEvent = new CustomEvent(event, {detail: data});
                      } else {
                          customEvent = document.createEvent('CustomEvent');
                          customEvent.initCustomEvent(event, false, false, data);
                      }
                      document.dispatchEvent(customEvent);
                    })();
                </script></div></meso-data></div></div></div><div class="search-service-product Product_product__maAwA" aria-labelledby="13-5762385038218-rewe-online-services|48466001-231011-product-title"><div><input type="hidden" name="nan" value="2642247" /><input type="hidden" name="listingId" value="13-5762385038218-rewe-online-services|48466001-231011" /></div><div class="search-service-productDetailsWrapper Product_productDetailsWrapper__bX_s8"><a class="search-service-productDetailsLink Product_productDetailsLink__hXXfb" href="/p/tulip-bacon-125g/2642247"><div class="search-service-pictureWrapper ProductMediaWrapper_pictureWrapper__ZHKoX"><div class="search-service-productPicture ProductMediaWrapper_productPicture__OXMYf"><div class="search-service-rsProductsMedia ProductMedia_rsProductsMedia__TgDb_"><picture><source srcSet="https://img.rewe-static.de/2642247/3847590_digital-image.png?resize=152px:152px&amp;output-quality=80&amp;output-format=webp&amp;im=BackgroundColor,color=fffff 152w, https://img.rewe-static.de/2642247/3847590_digital-image.png?resize=304px:304px&amp;output-quality=80&amp;output-format=webp&amp;im=BackgroundColor,color=fffff 304w, https://img.rewe-static.de/2642247/3847590_digital-image.png?resize=456px:456px&amp;output-quality=80&amp;output-format=webp&amp;im=BackgroundColor,color=fffff 456w, https://img.rewe-static.de/2642247/3847590_digital-image.png?resize=88px:88px&amp;output-quality=80&amp;output-format=webp&amp;im=BackgroundColor,color=fffff 88w, https://img.rewe-static.de/2642247/3847590_digital-image.png?resize=176px:176px&amp;output-quality=80&amp;output-format=webp&amp;im=BackgroundColor,color=fffff 176w, https://img.rewe-static.de/2642247/3847590_digital-image.png?resize=264px:264px&amp;output-quality=80&amp;output-format=webp&amp;im=BackgroundColor,color=fffff 264w" sizes="(min-width: 580px) 152px, 88px" type="image/webp" /><source srcSet="https://img.rewe-static.de/2642247/3847590_digital-image.png?resize=152px:152px&amp;output-quality=80&amp;output-format=jpeg2000&amp;im=BackgroundColor,color=fffff 152w, https://img.rewe-static.de/2642247/3847590_digital-image.png?resize=304px:304px&amp;output-quality=80&amp;output-format=jpeg2000&amp;im=BackgroundColor,color=fffff 304w, https://img.rewe-static.de/2642247/3847590_digital-image.png?resize=456px:456px&amp;output-quality=80&amp;output-format=jpeg2000&amp;im=BackgroundColor,color=fffff 456w, https://img.rewe-static.de/2642247/3847590_digital-image.png?resize=88px:88px&amp;output-quality=80&amp;output-format=jpeg2000&amp;im=BackgroundColor,color=fffff 88w, https://img.rewe-static.de/2642247/3847590_digital-image.png?resize=176px:176px&amp;output-quality=80&amp;output-format=jpeg2000&amp;im=BackgroundColor,color=fffff 176w, https://img.rewe-static.de/2642247/3847590_digital-image.png?resize=264px:264px&amp;output-quality=80&amp;output-format=jpeg2000&amp;im=BackgroundColor,color=fffff 264w" sizes="(min-width: 580px) 152px, 88px" type="image/jp2" /><source srcSet="https://img.rewe-static.de/2642247/3847590_digital-image.png?resize=152px:152px&amp;output-quality=80&amp;output-format=jpeg&amp;im=BackgroundColor,color=fffff 152w, https://img.rewe-static.de/2642247/3847590_digital-image.png?resize=304px:304px&amp;output-quality=80&amp;output-format=jpeg&amp;im=BackgroundColor,color=fffff 304w, https://img.rewe-static.de/2642247/3847590_digital-image.png?resize=456px:456px&amp;output-quality=80&amp;output-format=jpeg&amp;im=BackgroundColor,color=fffff 456w, https://img.rewe-static.de/2642247/3847590_digital-image.png?resize=88px:88px&amp;output-quality=80&amp;output-format=jpeg&amp;im=BackgroundColor,color=fffff 88w, https://img.rewe-static.de/2642247/3847590_digital-image.png?resize=176px:176px&amp;output-quality=80&amp;output-format=jpeg&amp;im=BackgroundColor,color=fffff 176w, https://img.rewe-static.de/2642247/3847590_digital-image.png?resize=264px:264px&amp;output-quality=80&amp;output-format=jpeg&amp;im=BackgroundColor,color=fffff 264w" sizes="(min-width: 580px) 152px, 88px" /><img src="https://img.rewe-static.de/2642247/3847590_digital-image.png?resize=152px:152px&amp;output-quality=80&amp;output-format=jpeg&amp;im=BackgroundColor,color=fffff" width="152" height="152" alt="Tulip Bacon 125g" loading="lazy" /></picture></div></div><div class="BadgesContainer_productBadges__mIOO1 search-service-productBadges"></div></div><div class="ProductDetailsWrapper_productDetails__7vI_z search-service-productDetails"><div class="ProductDetailsWrapper_partnerName__CqluS search-service-partnerName ProductDetailsWrapper_partnerNameEmpty__c5rTb search-service-partnerNameEmpty"></div><div class="ProductDetailsWrapper_productTitleWrapper__nJ1Fr search-service-productTitleWrapper"><h4 class="ProductDetailsWrapper_productTitle__XjgsA search-service-productTitle" id="13-5762385038218-rewe-online-services|48466001-231011-product-title"><div class="LinesEllipsis  ">Tulip Bacon 125g<wbr/></div></h4></div><div class="ProductGrammage_productGrammage__fMOJr search-service-productGrammage"><div>125g (1 kg = 18,32 €)</div></div><div class="search-service-productDetailsFill ProductDetailsWrapper_productDetailsFill__TNboB"></div><div><div class="search-service-productOffer BulkDiscountElements_productOffer__e9Jxc"><div class="search-service-productOfferFirstLine BulkDiscountElements_productOfferFirstLine__r2Dx1"><div class="search-service-BulkDiscountPromotionText BulkDiscountElements_BulkDiscountPromotionText__YuLkM">Ab 3 Stück 5% sparen</div></div><div class="search-service-productOfferSecondLine BulkDiscountElements_productOfferSecondLine___syNJ"><div class="search-service-productPrice BulkDiscountElements_productPrice__gz_76">2,29 €</div></div></div></div></div></a></div><div class="search-service-basketButtons Product_basketButtons__SYAkC"><div class="search-service-ProductActions ProductActions_ProductActions__D_l5E"><meso-data data-listingid="13-5762385038218-rewe-online-services|48466001-231011" data-productid="2642247" data-orderlimit="99" data-amount="1" data-context="product-list-category"><div class="search-service-addToCartHandlerWrapper Add2CartHandler_addToCartHandlerWrapper__bvELT"><div class="bs_add2cart_container"><div class="bs_shopping_list_wrapper"><div class="lrms-favorite-button-container"></div><script type="application/json" class="favoritebutton-propstore">{"additionalUiData":{"assetBaseUrl":"https://shop.rewe-static.de/rewe-myproducts/b0c5748b220aaf8bd2a2aed167bba4ca9b3027d0","staticAssetBaseUrl":"https://shop.rewe-static.de/rewe-myproducts","favoritesBaseUrl":"/api/favorites","anonymousFavoritesBaseUrl":"/api/anonymousfavorites"},"testgroups":["prefilled-basket-myproducts"],"togglz":[]}</script></div><div class="bs_amount-handler bs_add2cart bs_amount-zero" data-is-initialized="false"><button class="basket-button bs_amount-minus basket_ripple" disabled></button><input type="number" pattern="[0-9]*" value="0" class="basket-input bs_amount-input" autocomplete="off"><button class="basket-button bs_amount-plus basket_ripple" aria-label="Produkt zum Warenkorb hinzufügen"></button></div></div><script type="text/javascript">
                    if (!window.ReweBasket) {
                        window.ReweBasket = {}
                    }
                </script><script type="text/javascript">
                    (function () {
                      var event = 'basket:addToBasketbuttonV2Render';
                      var customEvent;
                      var data = {};
                      if (typeof CustomEvent === 'function') {
                          customEvent = new CustomEvent(event, {detail: data});
                      } else {
                          customEvent = document.createEvent('CustomEvent');
                          customEvent.initCustomEvent(event, false, false, data);
                      }
                      document.dispatchEvent(customEvent);
                    })();
                </script></div></meso-data></div></div></div><div class="search-service-product Product_product__maAwA" aria-labelledby="13-4337256204873-rewe-online-services|48466001-231011-product-title"><div><input type="hidden" name="nan" value="204051" /><input type="hidden" name="listingId" value="13-4337256204873-rewe-online-services|48466001-231011" /></div><div class="search-service-productDetailsWrapper Product_productDetailsWrapper__bX_s8"><a class="search-service-productDetailsLink Product_productDetailsLink__hXXfb" href="/p/rewe-bio-paprika-lyoner-70g/204051"><div class="search-service-pictureWrapper ProductMediaWrapper_pictureWrapper__ZHKoX"><div class="search-service-productPicture ProductMediaWrapper_productPicture__OXMYf"><div class="search-service-rsProductsMedia ProductMedia_rsProductsMedia__TgDb_"><picture><source srcSet="https://img.rewe-static.de/0204051/2303230_digital-image.png?resize=152px:152px&amp;output-quality=80&amp;output-format=webp&amp;im=BackgroundColor,color=fffff 152w, https://img.rewe-static.de/0204051/2303230_digital-image.png?resize=304px:304px&amp;output-quality=80&amp;output-format=webp&amp;im=BackgroundColor,color=fffff 304w, https://img.rewe-static.de/0204051/2303230_digital-image.png?resize=456px:456px&amp;output-quality=80&amp;output-format=webp&amp;im=BackgroundColor,color=fffff 456w, https://img.rewe-static.de/0204051/2303230_digital-image.png?resize=88px:88px&amp;output-quality=80&amp;output-format=webp&amp;im=BackgroundColor,color=fffff 88w, https://img.rewe-static.de/0204051/2303230_digital-image.png?resize=176px:176px&amp;output-quality=80&amp;output-format=webp&amp;im=BackgroundColor,color=fffff 176w, https://img.rewe-static.de/0204051/2303230_digital-image.png?resize=264px:264px&amp;output-quality=80&amp;output-format=webp&amp;im=BackgroundColor,color=fffff 264w" sizes="(min-width: 580px) 152px, 88px" type="image/webp" /><source srcSet="https://img.rewe-static.de/0204051/2303230_digital-image.png?resize=152px:152px&amp;output-quality=80&amp;output-format=jpeg2000&amp;im=BackgroundColor,color=fffff 152w, https://img.rewe-static.de/0204051/2303230_digital-image.png?resize=304px:304px&amp;output-quality=80&amp;output-format=jpeg2000&amp;im=BackgroundColor,color=fffff 304w, https://img.rewe-static.de/0204051/2303230_digital-image.png?resize=456px:456px&amp;output-quality=80&amp;output-format=jpeg2000&amp;im=BackgroundColor,color=fffff 456w, https://img.rewe-static.de/0204051/2303230_digital-image.png?resize=88px:88px&amp;output-quality=80&amp;output-format=jpeg2000&amp;im=BackgroundColor,color=fffff 88w, https://img.rewe-static.de/0204051/2303230_digital-image.png?resize=176px:176px&amp;output-quality=80&amp;output-format=jpeg2000&amp;im=BackgroundColor,color=fffff 176w, https://img.rewe-static.de/0204051/2303230_digital-image.png?resize=264px:264px&amp;output-quality=80&amp;output-format=jpeg2000&amp;im=BackgroundColor,color=fffff 264w" sizes="(min-width: 580px) 152px, 88px" type="image/jp2" /><source srcSet="https://img.rewe-static.de/0204051/2303230_digital-image.png?resize=152px:152px&amp;output-quality=80&amp;output-format=jpeg&amp;im=BackgroundColor,color=fffff 152w, https://img.rewe-static.de/0204051/2303230_digital-image.png?resize=304px:304px&amp;output-quality=80&amp;output-format=jpeg&amp;im=BackgroundColor,color=fffff 304w, https://img.rewe-static.de/0204051/2303230_digital-image.png?resize=456px:456px&amp;output-quality=80&amp;output-format=jpeg&amp;im=BackgroundColor,color=fffff 456w, https://img.rewe-static.de/0204051/2303230_digital-image.png?resize=88px:88px&amp;output-quality=80&amp;output-format=jpeg&amp;im=BackgroundColor,color=fffff 88w, https://img.rewe-static.de/0204051/2303230_digital-image.png?resize=176px:176px&amp;output-quality=80&amp;output-format=jpeg&amp;im=BackgroundColor,color=fffff 176w, https://img.rewe-static.de/0204051/2303230_digital-image.png?resize=264px:264px&amp;output-quality=80&amp;output-format=jpeg&amp;im=BackgroundColor,color=fffff 264w" sizes="(min-width: 580px) 152px, 88px" /><img src="https://img.rewe-static.de/0204051/2303230_digital-image.png?resize=152px:152px&amp;output-quality=80&amp;output-format=jpeg&amp;im=BackgroundColor,color=fffff" width="152" height="152" alt="REWE Bio Paprika-Lyoner 70g" loading="lazy" /></picture></div></div><div class="BadgesContainer_productBadges__mIOO1 search-service-productBadges"><div class="badge_style_organicBadge__kj91r badge_style_badgeItem__vUyhV search-service-organicBadge search-service-badgeItem"></div></div></div><div class="ProductDetailsWrapper_productDetails__7vI_z search-service-productDetails"><div class="ProductDetailsWrapper_partnerName__CqluS search-service-partnerName ProductDetailsWrapper_partnerNameEmpty__c5rTb search-service-partnerNameEmpty"></div><div class="ProductDetailsWrapper_productTitleWrapper__nJ1Fr search-service-productTitleWrapper"><h4 class="ProductDetailsWrapper_productTitle__XjgsA search-service-productTitle" id="13-4337256204873-rewe-online-services|48466001-231011-product-title"><div class="LinesEllipsis  ">REWE Bio Paprika-Lyoner 70g<wbr/></div></h4></div><div class="ProductGrammage_productGrammage__fMOJr search-service-productGrammage"><div>70g (1 kg = 21,29 €)</div></div><div class="search-service-productDetailsFill ProductDetailsWrapper_productDetailsFill__TNboB"></div><div><div class="search-service-productOffer BulkDiscountElements_productOffer__e9Jxc"><div class="search-service-productOfferFirstLine BulkDiscountElements_productOfferFirstLine__r2Dx1"><div class="search-service-BulkDiscountPromotionText BulkDiscountElements_BulkDiscountPromotionText__YuLkM">Ab 3 Stück 5% sparen</div></div><div class="search-service-productOfferSecondLine BulkDiscountElements_productOfferSecondLine___syNJ"><div class="search-service-productPrice BulkDiscountElements_productPrice__gz_76">1,49 €</div></div></div></div></div></a></div><div class="search-service-basketButtons Product_basketButtons__SYAkC"><div class="search-service-ProductActions ProductActions_ProductActions__D_l5E"><meso-data data-listingid="13-4337256204873-rewe-online-services|48466001-231011" data-productid="204051" data-orderlimit="99" data-amount="1" data-context="product-list-category"><div class="search-service-addToCartHandlerWrapper Add2CartHandler_addToCartHandlerWrapper__bvELT"><div class="bs_add2cart_container"><div class="bs_shopping_list_wrapper"><div class="lrms-favorite-button-container"></div><script type="application/json" class="favoritebutton-propstore">{"additionalUiData":{"assetBaseUrl":"https://shop.rewe-static.de/rewe-myproducts/b0c5748b220aaf8bd2a2aed167bba4ca9b3027d0","staticAssetBaseUrl":"https://shop.rewe-static.de/rewe-myproducts","favoritesBaseUrl":"/api/favorites","anonymousFavoritesBaseUrl":"/api/anonymousfavorites"},"testgroups":["prefilled-basket-myproducts"],"togglz":[]}</script></div><div class="bs_amount-handler bs_add2cart bs_amount-zero" data-is-initialized="false"><button class="basket-button bs_amount-minus basket_ripple" disabled></button><input type="number" pattern="[0-9]*" value="0" class="basket-input bs_amount-input" autocomplete="off"><button class="basket-button bs_amount-plus basket_ripple" aria-label="Produkt zum Warenkorb hinzufügen"></button></div></div><script type="text/javascript">
                    if (!window.ReweBasket) {
                        window.ReweBasket = {}
                    }
                </script><script type="text/javascript">
                    (function () {
                      var event = 'basket:addToBasketbuttonV2Render';
                      var customEvent;
                      var data = {};
                      if (typeof CustomEvent === 'function') {
                          customEvent = new CustomEvent(event, {detail: data});
                      } else {
                          customEvent = document.createEvent('CustomEvent');
                          customEvent.initCustomEvent(event, false, false, data);
                      }
                      document.dispatchEvent(customEvent);
                    })();
                </script></div></meso-data></div></div></div><div class="search-service-product Product_product__maAwA" aria-labelledby="13-4019467470703-rewe-online-services|48466001-231011-product-title"><div><input type="hidden" name="nan" value="755656" /><input type="hidden" name="listingId" value="13-4019467470703-rewe-online-services|48466001-231011" /></div><div class="search-service-productDetailsWrapper Product_productDetailsWrapper__bX_s8"><a class="search-service-productDetailsLink Product_productDetailsLink__hXXfb" href="/p/wiesenhof-gefluegel-mortadella-100g/755656"><div class="search-service-pictureWrapper ProductMediaWrapper_pictureWrapper__ZHKoX"><div class="search-service-productPicture ProductMediaWrapper_productPicture__OXMYf"><div class="search-service-rsProductsMedia ProductMedia_rsProductsMedia__TgDb_"><picture><source srcSet="https://img.rewe-static.de/0755656/4782630_digital-image.png?resize=152px:152px&amp;output-quality=80&amp;output-format=webp&amp;im=BackgroundColor,color=fffff 152w, https://img.rewe-static.de/0755656/4782630_digital-image.png?resize=304px:304px&amp;output-quality=80&amp;output-format=webp&amp;im=BackgroundColor,color=fffff 304w, https://img.rewe-static.de/0755656/4782630_digital-image.png?resize=456px:456px&amp;output-quality=80&amp;output-format=webp&amp;im=BackgroundColor,color=fffff 456w, https://img.rewe-static.de/0755656/4782630_digital-image.png?resize=88px:88px&amp;output-quality=80&amp;output-format=webp&amp;im=BackgroundColor,color=fffff 88w, https://img.rewe-static.de/0755656/4782630_digital-image.png?resize=176px:176px&amp;output-quality=80&amp;output-format=webp&amp;im=BackgroundColor,color=fffff 176w, https://img.rewe-static.de/0755656/4782630_digital-image.png?resize=264px:264px&amp;output-quality=80&amp;output-format=webp&amp;im=BackgroundColor,color=fffff 264w" sizes="(min-width: 580px) 152px, 88px" type="image/webp" /><source srcSet="https://img.rewe-static.de/0755656/4782630_digital-image.png?resize=152px:152px&amp;output-quality=80&amp;output-format=jpeg2000&amp;im=BackgroundColor,color=fffff 152w, https://img.rewe-static.de/0755656/4782630_digital-image.png?resize=304px:304px&amp;output-quality=80&amp;output-format=jpeg2000&amp;im=BackgroundColor,color=fffff 304w, https://img.rewe-static.de/0755656/4782630_digital-image.png?resize=456px:456px&amp;output-quality=80&amp;output-format=jpeg2000&amp;im=BackgroundColor,color=fffff 456w, https://img.rewe-static.de/0755656/4782630_digital-image.png?resize=88px:88px&amp;output-quality=80&amp;output-format=jpeg2000&amp;im=BackgroundColor,color=fffff 88w, https://img.rewe-static.de/0755656/4782630_digital-image.png?resize=176px:176px&amp;output-quality=80&amp;output-format=jpeg2000&amp;im=BackgroundColor,color=fffff 176w, https://img.rewe-static.de/0755656/4782630_digital-image.png?resize=264px:264px&amp;output-quality=80&amp;output-format=jpeg2000&amp;im=BackgroundColor,color=fffff 264w" sizes="(min-width: 580px) 152px, 88px" type="image/jp2" /><source srcSet="https://img.rewe-static.de/0755656/4782630_digital-image.png?resize=152px:152px&amp;output-quality=80&amp;output-format=jpeg&amp;im=BackgroundColor,color=fffff 152w, https://img.rewe-static.de/0755656/4782630_digital-image.png?resize=304px:304px&amp;output-quality=80&amp;output-format=jpeg&amp;im=BackgroundColor,color=fffff 304w, https://img.rewe-static.de/0755656/4782630_digital-image.png?resize=456px:456px&amp;output-quality=80&amp;output-format=jpeg&amp;im=BackgroundColor,color=fffff 456w, https://img.rewe-static.de/0755656/4782630_digital-image.png?resize=88px:88px&amp;output-quality=80&amp;output-format=jpeg&amp;im=BackgroundColor,color=fffff 88w, https://img.rewe-static.de/0755656/4782630_digital-image.png?resize=176px:176px&amp;output-quality=80&amp;output-format=jpeg&amp;im=BackgroundColor,color=fffff 176w, https://img.rewe-static.de/0755656/4782630_digital-image.png?resize=264px:264px&amp;output-quality=80&amp;output-format=jpeg&amp;im=BackgroundColor,color=fffff 264w" sizes="(min-width: 580px) 152px, 88px" /><img src="https://img.rewe-static.de/0755656/4782630_digital-image.png?resize=152px:152px&amp;output-quality=80&amp;output-format=jpeg&amp;im=BackgroundColor,color=fffff" width="152" height="152" alt="Wiesenhof Geflügel-Mortadella 100g" loading="lazy" /></picture></div></div><div class="BadgesContainer_productBadges__mIOO1 search-service-productBadges"></div></div><div class="ProductDetailsWrapper_productDetails__7vI_z search-service-productDetails"><div class="ProductDetailsWrapper_partnerName__CqluS search-service-partnerName ProductDetailsWrapper_partnerNameEmpty__c5rTb search-service-partnerNameEmpty"></div><div class="ProductDetailsWrapper_productTitleWrapper__nJ1Fr search-service-productTitleWrapper"><h4 class="ProductDetailsWrapper_productTitle__XjgsA search-service-productTitle" id="13-4019467470703-rewe-online-services|48466001-231011-product-title"><div class="LinesEllipsis  ">Wiesenhof Geflügel-Mortadella 100g<wbr/></div></h4></div><div class="ProductGrammage_productGrammage__fMOJr search-service-productGrammage"><div>100g (1 kg = 15,90 €)</div></div><div class="search-service-productDetailsFill ProductDetailsWrapper_productDetailsFill__TNboB"></div><div><div class="search-service-productOffer BulkDiscountElements_productOffer__e9Jxc"><div class="search-service-productOfferFirstLine BulkDiscountElements_productOfferFirstLine__r2Dx1"><div class="search-service-BulkDiscountPromotionText BulkDiscountElements_BulkDiscountPromotionText__YuLkM">Ab 3 Stück 5% sparen</div></div><div class="search-service-productOfferSecondLine BulkDiscountElements_productOfferSecondLine___syNJ"><div class="search-service-productPrice BulkDiscountElements_productPrice__gz_76">1,59 €</div></div></div></div></div></a></div><div class="search-service-basketButtons Product_basketButtons__SYAkC"><div class="search-service-ProductActions ProductActions_ProductActions__D_l5E"><meso-data data-listingid="13-4019467470703-rewe-online-services|48466001-231011" data-productid="755656" data-orderlimit="99" data-amount="1" data-context="product-list-category"><div class="search-service-addToCartHandlerWrapper Add2CartHandler_addToCartHandlerWrapper__bvELT"><div class="bs_add2cart_container"><div class="bs_shopping_list_wrapper"><div class="lrms-favorite-button-container"></div><script type="application/json" class="favoritebutton-propstore">{"additionalUiData":{"assetBaseUrl":"https://shop.rewe-static.de/rewe-myproducts/b0c5748b220aaf8bd2a2aed167bba4ca9b3027d0","staticAssetBaseUrl":"https://shop.rewe-static.de/rewe-myproducts","favoritesBaseUrl":"/api/favorites","anonymousFavoritesBaseUrl":"/api/anonymousfavorites"},"testgroups":["prefilled-basket-myproducts"],"togglz":[]}</script></div><div class="bs_amount-handler bs_add2cart bs_amount-zero" data-is-initialized="false"><button class="basket-button bs_amount-minus basket_ripple" disabled></button><input type="number" pattern="[0-9]*" value="0" class="basket-input bs_amount-input" autocomplete="off"><button class="basket-button bs_amount-plus basket_ripple" aria-label="Produkt zum Warenkorb hinzufügen"></button></div></div><script type="text/javascript">
                    if (!window.ReweBasket) {
                        window.ReweBasket = {}
                    }
                </script><script type="text/javascript">
                    (function () {
                      var event = 'basket:addToBasketbuttonV2Render';
                      var customEvent;
                      var data = {};
                      if (typeof CustomEvent === 'function') {
                          customEvent = new CustomEvent(event, {detail: data});
                      } else {
                          customEvent = document.createEvent('CustomEvent');
                          customEvent.initCustomEvent(event, false, false, data);
                      }
                      document.dispatchEvent(customEvent);
                    })();
                </script></div></meso-data></div></div></div><div class="search-service-product Product_product__maAwA" aria-labelledby="13-4388844262706-rewe-online-services|48466001-231011-product-title"><div><input type="hidden" name="nan" value="2927443" /><input type="hidden" name="listingId" value="13-4388844262706-rewe-online-services|48466001-231011" /></div><div class="search-service-productDetailsWrapper Product_productDetailsWrapper__bX_s8"><a class="search-service-productDetailsLink Product_productDetailsLink__hXXfb" href="/p/rewe-feine-welt-salami-ciatore-80g/2927443"><div class="search-service-pictureWrapper ProductMediaWrapper_pictureWrapper__ZHKoX"><div class="search-service-productPicture ProductMediaWrapper_productPicture__OXMYf"><div class="search-service-rsProductsMedia ProductMedia_rsProductsMedia__TgDb_"><picture><source srcSet="https://img.rewe-static.de/2927443/25598760_digital-image.png?resize=152px:152px&amp;output-quality=80&amp;output-format=webp&amp;im=BackgroundColor,color=fffff 152w, https://img.rewe-static.de/2927443/25598760_digital-image.png?resize=304px:304px&amp;output-quality=80&amp;output-format=webp&amp;im=BackgroundColor,color=fffff 304w, https://img.rewe-static.de/2927443/25598760_digital-image.png?resize=456px:456px&amp;output-quality=80&amp;output-format=webp&amp;im=BackgroundColor,color=fffff 456w, https://img.rewe-static.de/2927443/25598760_digital-image.png?resize=88px:88px&amp;output-quality=80&amp;output-format=webp&amp;im=BackgroundColor,color=fffff 88w, https://img.rewe-static.de/2927443/25598760_digital-image.png?resize=176px:176px&amp;output-quality=80&amp;output-format=webp&amp;im=BackgroundColor,color=fffff 176w, https://img.rewe-static.de/2927443/25598760_digital-image.png?resize=264px:264px&amp;output-quality=80&amp;output-format=webp&amp;im=BackgroundColor,color=fffff 264w" sizes="(min-width: 580px) 152px, 88px" type="image/webp" /><source srcSet="https://img.rewe-static.de/2927443/25598760_digital-image.png?resize=152px:152px&amp;output-quality=80&amp;output-format=jpeg2000&amp;im=BackgroundColor,color=fffff 152w, https://img.rewe-static.de/2927443/25598760_digital-image.png?resize=304px:304px&amp;output-quality=80&amp;output-format=jpeg2000&amp;im=BackgroundColor,color=fffff 304w, https://img.rewe-static.de/2927443/25598760_digital-image.png?resize=456px:456px&amp;output-quality=80&amp;output-format=jpeg2000&amp;im=BackgroundColor,color=fffff 456w, https://img.rewe-static.de/2927443/25598760_digital-image.png?resize=88px:88px&amp;output-quality=80&amp;output-format=jpeg2000&amp;im=BackgroundColor,color=fffff 88w, https://img.rewe-static.de/2927443/25598760_digital-image.png?resize=176px:176px&amp;output-quality=80&amp;output-format=jpeg2000&amp;im=BackgroundColor,color=fffff 176w, https://img.rewe-static.de/2927443/25598760_digital-image.png?resize=264px:264px&amp;output-quality=80&amp;output-format=jpeg2000&amp;im=BackgroundColor,color=fffff 264w" sizes="(min-width: 580px) 152px, 88px" type="image/jp2" /><source srcSet="https://img.rewe-static.de/2927443/25598760_digital-image.png?resize=152px:152px&amp;output-quality=80&amp;output-format=jpeg&amp;im=BackgroundColor,color=fffff 152w, https://img.rewe-static.de/2927443/25598760_digital-image.png?resize=304px:304px&amp;output-quality=80&amp;output-format=jpeg&amp;im=BackgroundColor,color=fffff 304w, https://img.rewe-static.de/2927443/25598760_digital-image.png?resize=456px:456px&amp;output-quality=80&amp;output-format=jpeg&amp;im=BackgroundColor,color=fffff 456w, https://img.rewe-static.de/2927443/25598760_digital-image.png?resize=88px:88px&amp;output-quality=80&amp;output-format=jpeg&amp;im=BackgroundColor,color=fffff 88w, https://img.rewe-static.de/2927443/25598760_digital-image.png?resize=176px:176px&amp;output-quality=80&amp;output-format=jpeg&amp;im=BackgroundColor,color=fffff 176w, https://img.rewe-static.de/2927443/25598760_digital-image.png?resize=264px:264px&amp;output-quality=80&amp;output-format=jpeg&amp;im=BackgroundColor,color=fffff 264w" sizes="(min-width: 580px) 152px, 88px" /><img src="https://img.rewe-static.de/2927443/25598760_digital-image.png?resize=152px:152px&amp;output-quality=80&amp;output-format=jpeg&amp;im=BackgroundColor,color=fffff" width="152" height="152" alt="REWE Feine Welt Salami Ciatore 80g" loading="lazy" /></picture></div></div><div class="BadgesContainer_productBadges__mIOO1 search-service-productBadges"><div class="badge_style_badgeItem__vUyhV search-service-badgeItem badge_style_offerBadge__g2br1 search-service-offerBadge">%</div></div></div><div class="ProductDetailsWrapper_productDetails__7vI_z search-service-productDetails"><div class="ProductDetailsWrapper_partnerName__CqluS search-service-partnerName ProductDetailsWrapper_partnerNameEmpty__c5rTb search-service-partnerNameEmpty"></div><div class="ProductDetailsWrapper_productTitleWrapper__nJ1Fr search-service-productTitleWrapper"><h4 class="ProductDetailsWrapper_productTitle__XjgsA search-service-productTitle" id="13-4388844262706-rewe-online-services|48466001-231011-product-title"><div class="LinesEllipsis  ">REWE Feine Welt Salami Ciatore 80g<wbr/></div></h4></div><div class="ProductGrammage_productGrammage__fMOJr search-service-productGrammage"><div>80g (1 kg = 41,13 €)</div></div><div class="search-service-productDetailsFill ProductDetailsWrapper_productDetailsFill__TNboB"></div><div><div class="search-service-productOffer DiscountElements_productOffer__Oh1_0"><div class="search-service-productOfferFirstLine DiscountElements_productOfferFirstLine__s4lCO"><div class="search-service-productOfferDuration DiscountElements_productOfferDuration__gRZTl">bis <!-- -->20.04.2024</div></div><div class="search-service-productOfferSecondLine DiscountElements_productOfferSecondLine__7f_Wd"><div class="search-service-productOfferPrice DiscountElements_productOfferPrice__nOtuY">3,29 €</div></div></div></div></div></a></div><div class="search-service-basketButtons Product_basketButtons__SYAkC"><div class="search-service-ProductActions ProductActions_ProductActions__D_l5E"><meso-data data-listingid="13-4388844262706-rewe-online-services|48466001-231011" data-productid="2927443" data-orderlimit="15" data-amount="1" data-context="product-list-category"><div class="search-service-addToCartHandlerWrapper Add2CartHandler_addToCartHandlerWrapper__bvELT"><div class="bs_add2cart_container"><div class="bs_shopping_list_wrapper"><div class="lrms-favorite-button-container"></div><script type="application/json" class="favoritebutton-propstore">{"additionalUiData":{"assetBaseUrl":"https://shop.rewe-static.de/rewe-myproducts/b0c5748b220aaf8bd2a2aed167bba4ca9b3027d0","staticAssetBaseUrl":"https://shop.rewe-static.de/rewe-myproducts","favoritesBaseUrl":"/api/favorites","anonymousFavoritesBaseUrl":"/api/anonymousfavorites"},"testgroups":["prefilled-basket-myproducts"],"togglz":[]}</script></div><div class="bs_amount-handler bs_add2cart bs_amount-zero" data-is-initialized="false"><button class="basket-button bs_amount-minus basket_ripple" disabled></button><input type="number" pattern="[0-9]*" value="0" class="basket-input bs_amount-input" autocomplete="off"><button class="basket-button bs_amount-plus basket_ripple" aria-label="Produkt zum Warenkorb hinzufügen"></button></div></div><script type="text/javascript">
                    if (!window.ReweBasket) {
                        window.ReweBasket = {}
                    }
                </script><script type="text/javascript">
                    (function () {
                      var event = 'basket:addToBasketbuttonV2Render';
                      var customEvent;
                      var data = {};
                      if (typeof CustomEvent === 'function') {
                          customEvent = new CustomEvent(event, {detail: data});
                      } else {
                          customEvent = document.createEvent('CustomEvent');
                          customEvent.initCustomEvent(event, false, false, data);
                      }
                      document.dispatchEvent(customEvent);
                    })();
                </script></div></meso-data></div></div></div><div class="search-service-product Product_product__maAwA" aria-labelledby="8-Z5GKSJKJ-rewe-online-services|48466001-231011-product-title"><div><input type="hidden" name="nan" value="2327591" /><input type="hidden" name="listingId" value="8-Z5GKSJKJ-rewe-online-services|48466001-231011" /></div><div class="search-service-productDetailsWrapper Product_productDetailsWrapper__bX_s8"><a class="search-service-productDetailsLink Product_productDetailsLink__hXXfb" href="/p/herta-finesse-putenbrust-im-ofen-gegrillt-100g/2327591"><div class="search-service-pictureWrapper ProductMediaWrapper_pictureWrapper__ZHKoX"><div class="search-service-productPicture ProductMediaWrapper_productPicture__OXMYf"><div class="search-service-rsProductsMedia ProductMedia_rsProductsMedia__TgDb_"><picture><source srcSet="https://img.rewe-static.de/2327591/23456917_digital-image.png?resize=152px:152px&amp;output-quality=80&amp;output-format=webp&amp;im=BackgroundColor,color=fffff 152w, https://img.rewe-static.de/2327591/23456917_digital-image.png?resize=304px:304px&amp;output-quality=80&amp;output-format=webp&amp;im=BackgroundColor,color=fffff 304w, https://img.rewe-static.de/2327591/23456917_digital-image.png?resize=456px:456px&amp;output-quality=80&amp;output-format=webp&amp;im=BackgroundColor,color=fffff 456w, https://img.rewe-static.de/2327591/23456917_digital-image.png?resize=88px:88px&amp;output-quality=80&amp;output-format=webp&amp;im=BackgroundColor,color=fffff 88w, https://img.rewe-static.de/2327591/23456917_digital-image.png?resize=176px:176px&amp;output-quality=80&amp;output-format=webp&amp;im=BackgroundColor,color=fffff 176w, https://img.rewe-static.de/2327591/23456917_digital-image.png?resize=264px:264px&amp;output-quality=80&amp;output-format=webp&amp;im=BackgroundColor,color=fffff 264w" sizes="(min-width: 580px) 152px, 88px" type="image/webp" /><source srcSet="https://img.rewe-static.de/2327591/23456917_digital-image.png?resize=152px:152px&amp;output-quality=80&amp;output-format=jpeg2000&amp;im=BackgroundColor,color=fffff 152w, https://img.rewe-static.de/2327591/23456917_digital-image.png?resize=304px:304px&amp;output-quality=80&amp;output-format=jpeg2000&amp;im=BackgroundColor,color=fffff 304w, https://img.rewe-static.de/2327591/23456917_digital-image.png?resize=456px:456px&amp;output-quality=80&amp;output-format=jpeg2000&amp;im=BackgroundColor,color=fffff 456w, https://img.rewe-static.de/2327591/23456917_digital-image.png?resize=88px:88px&amp;output-quality=80&amp;output-format=jpeg2000&amp;im=BackgroundColor,color=fffff 88w, https://img.rewe-static.de/2327591/23456917_digital-image.png?resize=176px:176px&amp;output-quality=80&amp;output-format=jpeg2000&amp;im=BackgroundColor,color=fffff 176w, https://img.rewe-static.de/2327591/23456917_digital-image.png?resize=264px:264px&amp;output-quality=80&amp;output-format=jpeg2000&amp;im=BackgroundColor,color=fffff 264w" sizes="(min-width: 580px) 152px, 88px" type="image/jp2" /><source srcSet="https://img.rewe-static.de/2327591/23456917_digital-image.png?resize=152px:152px&amp;output-quality=80&amp;output-format=jpeg&amp;im=BackgroundColor,color=fffff 152w, https://img.rewe-static.de/2327591/23456917_digital-image.png?resize=304px:304px&amp;output-quality=80&amp;output-format=jpeg&amp;im=BackgroundColor,color=fffff 304w, https://img.rewe-static.de/2327591/23456917_digital-image.png?resize=456px:456px&amp;output-quality=80&amp;output-format=jpeg&amp;im=BackgroundColor,color=fffff 456w, https://img.rewe-static.de/2327591/23456917_digital-image.png?resize=88px:88px&amp;output-quality=80&amp;output-format=jpeg&amp;im=BackgroundColor,color=fffff 88w, https://img.rewe-static.de/2327591/23456917_digital-image.png?resize=176px:176px&amp;output-quality=80&amp;output-format=jpeg&amp;im=BackgroundColor,color=fffff 176w, https://img.rewe-static.de/2327591/23456917_digital-image.png?resize=264px:264px&amp;output-quality=80&amp;output-format=jpeg&amp;im=BackgroundColor,color=fffff 264w" sizes="(min-width: 580px) 152px, 88px" /><img src="https://img.rewe-static.de/2327591/23456917_digital-image.png?resize=152px:152px&amp;output-quality=80&amp;output-format=jpeg&amp;im=BackgroundColor,color=fffff" width="152" height="152" alt="Herta Finesse Putenbrust im Ofen gegrillt 100g" loading="lazy" /></picture></div></div><div class="BadgesContainer_productBadges__mIOO1 search-service-productBadges"></div></div><div class="ProductDetailsWrapper_productDetails__7vI_z search-service-productDetails"><div class="ProductDetailsWrapper_partnerName__CqluS search-service-partnerName ProductDetailsWrapper_partnerNameEmpty__c5rTb search-service-partnerNameEmpty"></div><div class="ProductDetailsWrapper_productTitleWrapper__nJ1Fr search-service-productTitleWrapper"><h4 class="ProductDetailsWrapper_productTitle__XjgsA search-service-productTitle" id="8-Z5GKSJKJ-rewe-online-services|48466001-231011-product-title"><div class="LinesEllipsis  ">Herta Finesse Putenbrust im Ofen gegrillt 100g<wbr/></div></h4></div><div class="ProductGrammage_productGrammage__fMOJr search-service-productGrammage"><div>100g (1 kg = 24,90 €)</div></div><div class="search-service-productDetailsFill ProductDetailsWrapper_productDetailsFill__TNboB"></div><div><div class="search-service-productOffer BulkDiscountElements_productOffer__e9Jxc"><div class="search-service-productOfferFirstLine BulkDiscountElements_productOfferFirstLine__r2Dx1"><div class="search-service-BulkDiscountPromotionText BulkDiscountElements_BulkDiscountPromotionText__YuLkM">Ab 3 Stück 5% sparen</div></div><div class="search-service-productOfferSecondLine BulkDiscountElements_productOfferSecondLine___syNJ"><div class="search-service-productPrice BulkDiscountElements_productPrice__gz_76">2,49 €</div></div></div></div></div></a></div><div class="search-service-basketButtons Product_basketButtons__SYAkC"><div class="search-service-ProductActions ProductActions_ProductActions__D_l5E"><meso-data data-listingid="8-Z5GKSJKJ-rewe-online-services|48466001-231011" data-productid="2327591" data-orderlimit="99" data-amount="1" data-context="product-list-category"><div class="search-service-addToCartHandlerWrapper Add2CartHandler_addToCartHandlerWrapper__bvELT"><div class="bs_add2cart_container"><div class="bs_shopping_list_wrapper"><div class="lrms-favorite-button-container"></div><script type="application/json" class="favoritebutton-propstore">{"additionalUiData":{"assetBaseUrl":"https://shop.rewe-static.de/rewe-myproducts/b0c5748b220aaf8bd2a2aed167bba4ca9b3027d0","staticAssetBaseUrl":"https://shop.rewe-static.de/rewe-myproducts","favoritesBaseUrl":"/api/favorites","anonymousFavoritesBaseUrl":"/api/anonymousfavorites"},"testgroups":["prefilled-basket-myproducts"],"togglz":[]}</script></div><div class="bs_amount-handler bs_add2cart bs_amount-zero" data-is-initialized="false"><button class="basket-button bs_amount-minus basket_ripple" disabled></button><input type="number" pattern="[0-9]*" value="0" class="basket-input bs_amount-input" autocomplete="off"><button class="basket-button bs_amount-plus basket_ripple" aria-label="Produkt zum Warenkorb hinzufügen"></button></div></div><script type="text/javascript">
                    if (!window.ReweBasket) {
                        window.ReweBasket = {}
                    }
                </script><script type="text/javascript">
                    (function () {
                      var event = 'basket:addToBasketbuttonV2Render';
                      var customEvent;
                      var data = {};
                      if (typeof CustomEvent === 'function') {
                          customEvent = new CustomEvent(event, {detail: data});
                      } else {
                          customEvent = document.createEvent('CustomEvent');
                          customEvent.initCustomEvent(event, false, false, data);
                      }
                      document.dispatchEvent(customEvent);
                    })();
                </script></div></meso-data></div></div></div><div class="search-service-product Product_product__maAwA" aria-labelledby="8-G7FJMB0Q-rewe-online-services|48466001-231011-product-title"><div><input type="hidden" name="nan" value="7829813" /><input type="hidden" name="listingId" value="8-G7FJMB0Q-rewe-online-services|48466001-231011" /></div><div class="search-service-productDetailsWrapper Product_productDetailsWrapper__bX_s8"><a class="search-service-productDetailsLink Product_productDetailsLink__hXXfb" href="/p/rewe-bio-gefluegel-wiener-200g/7829813"><div class="search-service-pictureWrapper ProductMediaWrapper_pictureWrapper__ZHKoX"><div class="search-service-productPicture ProductMediaWrapper_productPicture__OXMYf"><div class="search-service-rsProductsMedia ProductMedia_rsProductsMedia__TgDb_"><picture><source srcSet="https://img.rewe-static.de/7829813/36469743_digital-image.png?resize=152px:152px&amp;output-quality=80&amp;output-format=webp&amp;im=BackgroundColor,color=fffff 152w, https://img.rewe-static.de/7829813/36469743_digital-image.png?resize=304px:304px&amp;output-quality=80&amp;output-format=webp&amp;im=BackgroundColor,color=fffff 304w, https://img.rewe-static.de/7829813/36469743_digital-image.png?resize=456px:456px&amp;output-quality=80&amp;output-format=webp&amp;im=BackgroundColor,color=fffff 456w, https://img.rewe-static.de/7829813/36469743_digital-image.png?resize=88px:88px&amp;output-quality=80&amp;output-format=webp&amp;im=BackgroundColor,color=fffff 88w, https://img.rewe-static.de/7829813/36469743_digital-image.png?resize=176px:176px&amp;output-quality=80&amp;output-format=webp&amp;im=BackgroundColor,color=fffff 176w, https://img.rewe-static.de/7829813/36469743_digital-image.png?resize=264px:264px&amp;output-quality=80&amp;output-format=webp&amp;im=BackgroundColor,color=fffff 264w" sizes="(min-width: 580px) 152px, 88px" type="image/webp" /><source srcSet="https://img.rewe-static.de/7829813/36469743_digital-image.png?resize=152px:152px&amp;output-quality=80&amp;output-format=jpeg2000&amp;im=BackgroundColor,color=fffff 152w, https://img.rewe-static.de/7829813/36469743_digital-image.png?resize=304px:304px&amp;output-quality=80&amp;output-format=jpeg2000&amp;im=BackgroundColor,color=fffff 304w, https://img.rewe-static.de/7829813/36469743_digital-image.png?resize=456px:456px&amp;output-quality=80&amp;output-format=jpeg2000&amp;im=BackgroundColor,color=fffff 456w, https://img.rewe-static.de/7829813/36469743_digital-image.png?resize=88px:88px&amp;output-quality=80&amp;output-format=jpeg2000&amp;im=BackgroundColor,color=fffff 88w, https://img.rewe-static.de/7829813/36469743_digital-image.png?resize=176px:176px&amp;output-quality=80&amp;output-format=jpeg2000&amp;im=BackgroundColor,color=fffff 176w, https://img.rewe-static.de/7829813/36469743_digital-image.png?resize=264px:264px&amp;output-quality=80&amp;output-format=jpeg2000&amp;im=BackgroundColor,color=fffff 264w" sizes="(min-width: 580px) 152px, 88px" type="image/jp2" /><source srcSet="https://img.rewe-static.de/7829813/36469743_digital-image.png?resize=152px:152px&amp;output-quality=80&amp;output-format=jpeg&amp;im=BackgroundColor,color=fffff 152w, https://img.rewe-static.de/7829813/36469743_digital-image.png?resize=304px:304px&amp;output-quality=80&amp;output-format=jpeg&amp;im=BackgroundColor,color=fffff 304w, https://img.rewe-static.de/7829813/36469743_digital-image.png?resize=456px:456px&amp;output-quality=80&amp;output-format=jpeg&amp;im=BackgroundColor,color=fffff 456w, https://img.rewe-static.de/7829813/36469743_digital-image.png?resize=88px:88px&amp;output-quality=80&amp;output-format=jpeg&amp;im=BackgroundColor,color=fffff 88w, https://img.rewe-static.de/7829813/36469743_digital-image.png?resize=176px:176px&amp;output-quality=80&amp;output-format=jpeg&amp;im=BackgroundColor,color=fffff 176w, https://img.rewe-static.de/7829813/36469743_digital-image.png?resize=264px:264px&amp;output-quality=80&amp;output-format=jpeg&amp;im=BackgroundColor,color=fffff 264w" sizes="(min-width: 580px) 152px, 88px" /><img src="https://img.rewe-static.de/7829813/36469743_digital-image.png?resize=152px:152px&amp;output-quality=80&amp;output-format=jpeg&amp;im=BackgroundColor,color=fffff" width="152" height="152" alt="REWE Bio Geflügel Wiener 200g" loading="lazy" /></picture></div></div><div class="BadgesContainer_productBadges__mIOO1 search-service-productBadges"><div class="badge_style_organicBadge__kj91r badge_style_badgeItem__vUyhV search-service-organicBadge search-service-badgeItem"></div></div></div><div class="ProductDetailsWrapper_productDetails__7vI_z search-service-productDetails"><div class="ProductDetailsWrapper_partnerName__CqluS search-service-partnerName ProductDetailsWrapper_partnerNameEmpty__c5rTb search-service-partnerNameEmpty"></div><div class="ProductDetailsWrapper_productTitleWrapper__nJ1Fr search-service-productTitleWrapper"><h4 class="ProductDetailsWrapper_productTitle__XjgsA search-service-productTitle" id="8-G7FJMB0Q-rewe-online-services|48466001-231011-product-title"><div class="LinesEllipsis  ">REWE Bio Geflügel Wiener 200g<wbr/></div></h4></div><div class="ProductGrammage_productGrammage__fMOJr search-service-productGrammage"><div>200g (1 kg = 19,95 €)</div></div><div class="search-service-productDetailsFill ProductDetailsWrapper_productDetailsFill__TNboB"></div><div><div class="search-service-productOffer BulkDiscountElements_productOffer__e9Jxc"><div class="search-service-productOfferFirstLine BulkDiscountElements_productOfferFirstLine__r2Dx1"><div class="search-service-BulkDiscountPromotionText BulkDiscountElements_BulkDiscountPromotionText__YuLkM">Ab 3 Stück 5% sparen</div></div><div class="search-service-productOfferSecondLine BulkDiscountElements_productOfferSecondLine___syNJ"><div class="search-service-productPrice BulkDiscountElements_productPrice__gz_76">3,99 €</div></div></div></div></div></a></div><div class="search-service-basketButtons Product_basketButtons__SYAkC"><div class="search-service-ProductActions ProductActions_ProductActions__D_l5E"><meso-data data-listingid="8-G7FJMB0Q-rewe-online-services|48466001-231011" data-productid="7829813" data-orderlimit="99" data-amount="1" data-context="product-list-category"><div class="search-service-addToCartHandlerWrapper Add2CartHandler_addToCartHandlerWrapper__bvELT"><div class="bs_add2cart_container"><div class="bs_shopping_list_wrapper"><div class="lrms-favorite-button-container"></div><script type="application/json" class="favoritebutton-propstore">{"additionalUiData":{"assetBaseUrl":"https://shop.rewe-static.de/rewe-myproducts/b0c5748b220aaf8bd2a2aed167bba4ca9b3027d0","staticAssetBaseUrl":"https://shop.rewe-static.de/rewe-myproducts","favoritesBaseUrl":"/api/favorites","anonymousFavoritesBaseUrl":"/api/anonymousfavorites"},"testgroups":["prefilled-basket-myproducts"],"togglz":[]}</script></div><div class="bs_amount-handler bs_add2cart bs_amount-zero" data-is-initialized="false"><button class="basket-button bs_amount-minus basket_ripple" disabled></button><input type="number" pattern="[0-9]*" value="0" class="basket-input bs_amount-input" autocomplete="off"><button class="basket-button bs_amount-plus basket_ripple" aria-label="Produkt zum Warenkorb hinzufügen"></button></div></div><script type="text/javascript">
                    if (!window.ReweBasket) {
                        window.ReweBasket = {}
                    }
                </script><script type="text/javascript">
                    (function () {
                      var event = 'basket:addToBasketbuttonV2Render';
                      var customEvent;
                      var data = {};
                      if (typeof CustomEvent === 'function') {
                          customEvent = new CustomEvent(event, {detail: data});
                      } else {
                          customEvent = document.createEvent('CustomEvent');
                          customEvent.initCustomEvent(event, false, false, data);
                      }
                      document.dispatchEvent(customEvent);
                    })();
                </script></div></meso-data></div></div></div><div class="search-service-product Product_product__maAwA" aria-labelledby="13-4000405003411-rewe-online-services|48466001-231011-product-title"><div><input type="hidden" name="nan" value="2722550" /><input type="hidden" name="listingId" value="13-4000405003411-rewe-online-services|48466001-231011" /></div><div class="search-service-productDetailsWrapper Product_productDetailsWrapper__bX_s8"><a class="search-service-productDetailsLink Product_productDetailsLink__hXXfb" href="/p/ruegenwalder-muehle-ruegenwalder-teewurst-fein-125g/2722550"><div class="search-service-pictureWrapper ProductMediaWrapper_pictureWrapper__ZHKoX"><div class="search-service-productPicture ProductMediaWrapper_productPicture__OXMYf"><div class="search-service-rsProductsMedia ProductMedia_rsProductsMedia__TgDb_"><picture><source srcSet="https://img.rewe-static.de/2722550/1592180_digital-image.png?resize=152px:152px&amp;output-quality=80&amp;output-format=webp&amp;im=BackgroundColor,color=fffff 152w, https://img.rewe-static.de/2722550/1592180_digital-image.png?resize=304px:304px&amp;output-quality=80&amp;output-format=webp&amp;im=BackgroundColor,color=fffff 304w, https://img.rewe-static.de/2722550/1592180_digital-image.png?resize=456px:456px&amp;output-quality=80&amp;output-format=webp&amp;im=BackgroundColor,color=fffff 456w, https://img.rewe-static.de/2722550/1592180_digital-image.png?resize=88px:88px&amp;output-quality=80&amp;output-format=webp&amp;im=BackgroundColor,color=fffff 88w, https://img.rewe-static.de/2722550/1592180_digital-image.png?resize=176px:176px&amp;output-quality=80&amp;output-format=webp&amp;im=BackgroundColor,color=fffff 176w, https://img.rewe-static.de/2722550/1592180_digital-image.png?resize=264px:264px&amp;output-quality=80&amp;output-format=webp&amp;im=BackgroundColor,color=fffff 264w" sizes="(min-width: 580px) 152px, 88px" type="image/webp" /><source srcSet="https://img.rewe-static.de/2722550/1592180_digital-image.png?resize=152px:152px&amp;output-quality=80&amp;output-format=jpeg2000&amp;im=BackgroundColor,color=fffff 152w, https://img.rewe-static.de/2722550/1592180_digital-image.png?resize=304px:304px&amp;output-quality=80&amp;output-format=jpeg2000&amp;im=BackgroundColor,color=fffff 304w, https://img.rewe-static.de/2722550/1592180_digital-image.png?resize=456px:456px&amp;output-quality=80&amp;output-format=jpeg2000&amp;im=BackgroundColor,color=fffff 456w, https://img.rewe-static.de/2722550/1592180_digital-image.png?resize=88px:88px&amp;output-quality=80&amp;output-format=jpeg2000&amp;im=BackgroundColor,color=fffff 88w, https://img.rewe-static.de/2722550/1592180_digital-image.png?resize=176px:176px&amp;output-quality=80&amp;output-format=jpeg2000&amp;im=BackgroundColor,color=fffff 176w, https://img.rewe-static.de/2722550/1592180_digital-image.png?resize=264px:264px&amp;output-quality=80&amp;output-format=jpeg2000&amp;im=BackgroundColor,color=fffff 264w" sizes="(min-width: 580px) 152px, 88px" type="image/jp2" /><source srcSet="https://img.rewe-static.de/2722550/1592180_digital-image.png?resize=152px:152px&amp;output-quality=80&amp;output-format=jpeg&amp;im=BackgroundColor,color=fffff 152w, https://img.rewe-static.de/2722550/1592180_digital-image.png?resize=304px:304px&amp;output-quality=80&amp;output-format=jpeg&amp;im=BackgroundColor,color=fffff 304w, https://img.rewe-static.de/2722550/1592180_digital-image.png?resize=456px:456px&amp;output-quality=80&amp;output-format=jpeg&amp;im=BackgroundColor,color=fffff 456w, https://img.rewe-static.de/2722550/1592180_digital-image.png?resize=88px:88px&amp;output-quality=80&amp;output-format=jpeg&amp;im=BackgroundColor,color=fffff 88w, https://img.rewe-static.de/2722550/1592180_digital-image.png?resize=176px:176px&amp;output-quality=80&amp;output-format=jpeg&amp;im=BackgroundColor,color=fffff 176w, https://img.rewe-static.de/2722550/1592180_digital-image.png?resize=264px:264px&amp;output-quality=80&amp;output-format=jpeg&amp;im=BackgroundColor,color=fffff 264w" sizes="(min-width: 580px) 152px, 88px" /><img src="https://img.rewe-static.de/2722550/1592180_digital-image.png?resize=152px:152px&amp;output-quality=80&amp;output-format=jpeg&amp;im=BackgroundColor,color=fffff" width="152" height="152" alt="Rügenwalder Mühle Rügenwalder Teewurst fein 125g" loading="lazy" /></picture></div></div><div class="BadgesContainer_productBadges__mIOO1 search-service-productBadges"><div class="badge_style_badgeItem__vUyhV search-service-badgeItem badge_style_offerBadge__g2br1 search-service-offerBadge">%</div></div></div><div class="ProductDetailsWrapper_productDetails__7vI_z search-service-productDetails"><div class="ProductDetailsWrapper_partnerName__CqluS search-service-partnerName ProductDetailsWrapper_partnerNameEmpty__c5rTb search-service-partnerNameEmpty"></div><div class="ProductDetailsWrapper_productTitleWrapper__nJ1Fr search-service-productTitleWrapper"><h4 class="ProductDetailsWrapper_productTitle__XjgsA search-service-productTitle" id="13-4000405003411-rewe-online-services|48466001-231011-product-title"><div class="LinesEllipsis  ">Rügenwalder Mühle Rügenwalder Teewurst fein 125g<wbr/></div></h4></div><div class="ProductGrammage_productGrammage__fMOJr search-service-productGrammage"><div>125g (1 kg = 12,72 €)</div></div><div class="search-service-productDetailsFill ProductDetailsWrapper_productDetailsFill__TNboB"></div><div><div class="search-service-productOffer DiscountElements_productOffer__Oh1_0"><div class="search-service-productOfferFirstLine DiscountElements_productOfferFirstLine__s4lCO"><div class="search-service-productOfferDuration DiscountElements_productOfferDuration__gRZTl">bis <!-- -->20.04.2024</div></div><div class="search-service-productOfferSecondLine DiscountElements_productOfferSecondLine__7f_Wd"><div class="search-service-productOfferPrice DiscountElements_productOfferPrice__nOtuY">1,59 €</div></div></div></div></div></a></div><div class="search-service-basketButtons Product_basketButtons__SYAkC"><div class="search-service-ProductActions ProductActions_ProductActions__D_l5E"><meso-data data-listingid="13-4000405003411-rewe-online-services|48466001-231011" data-productid="2722550" data-orderlimit="15" data-amount="1" data-context="product-list-category"><div class="search-service-addToCartHandlerWrapper Add2CartHandler_addToCartHandlerWrapper__bvELT"><div class="bs_add2cart_container"><div class="bs_shopping_list_wrapper"><div class="lrms-favorite-button-container"></div><script type="application/json" class="favoritebutton-propstore">{"additionalUiData":{"assetBaseUrl":"https://shop.rewe-static.de/rewe-myproducts/b0c5748b220aaf8bd2a2aed167bba4ca9b3027d0","staticAssetBaseUrl":"https://shop.rewe-static.de/rewe-myproducts","favoritesBaseUrl":"/api/favorites","anonymousFavoritesBaseUrl":"/api/anonymousfavorites"},"testgroups":["prefilled-basket-myproducts"],"togglz":[]}</script></div><div class="bs_amount-handler bs_add2cart bs_amount-zero" data-is-initialized="false"><button class="basket-button bs_amount-minus basket_ripple" disabled></button><input type="number" pattern="[0-9]*" value="0" class="basket-input bs_amount-input" autocomplete="off"><button class="basket-button bs_amount-plus basket_ripple" aria-label="Produkt zum Warenkorb hinzufügen"></button></div></div><script type="text/javascript">
                    if (!window.ReweBasket) {
                        window.ReweBasket = {}
                    }
                </script><script type="text/javascript">
                    (function () {
                      var event = 'basket:addToBasketbuttonV2Render';
                      var customEvent;
                      var data = {};
                      if (typeof CustomEvent === 'function') {
                          customEvent = new CustomEvent(event, {detail: data});
                      } else {
                          customEvent = document.createEvent('CustomEvent');
                          customEvent.initCustomEvent(event, false, false, data);
                      }
                      document.dispatchEvent(customEvent);
                    })();
                </script></div></meso-data></div></div></div><div class="search-service-product Product_product__maAwA" aria-labelledby="13-2186630000004-rewe-online-services|48466001-231011-product-title"><div><input type="hidden" name="nan" value="7271321" /><input type="hidden" name="listingId" value="13-2186630000004-rewe-online-services|48466001-231011" /></div><div class="search-service-productDetailsWrapper Product_productDetailsWrapper__bX_s8"><a class="search-service-productDetailsLink Product_productDetailsLink__hXXfb" href="/p/biometzgerei-pichler-bio-haehnchenbrustfilet-2-stueck/7271321"><div class="search-service-pictureWrapper ProductMediaWrapper_pictureWrapper__ZHKoX"><div class="ProductMediaWrapper_regionalBadge__iWNkT">Regional</div><div class="search-service-productPicture ProductMediaWrapper_productPicture__OXMYf"><div class="search-service-rsProductsMedia ProductMedia_rsProductsMedia__TgDb_"><picture><source srcSet="https://img.rewe-static.de/7271321/40210016_digital-image.png?resize=152px:152px&amp;output-quality=80&amp;output-format=webp&amp;im=BackgroundColor,color=fffff 152w, https://img.rewe-static.de/7271321/40210016_digital-image.png?resize=304px:304px&amp;output-quality=80&amp;output-format=webp&amp;im=BackgroundColor,color=fffff 304w, https://img.rewe-static.de/7271321/40210016_digital-image.png?resize=456px:456px&amp;output-quality=80&amp;output-format=webp&amp;im=BackgroundColor,color=fffff 456w, https://img.rewe-static.de/7271321/40210016_digital-image.png?resize=88px:88px&amp;output-quality=80&amp;output-format=webp&amp;im=BackgroundColor,color=fffff 88w, https://img.rewe-static.de/7271321/40210016_digital-image.png?resize=176px:176px&amp;output-quality=80&amp;output-format=webp&amp;im=BackgroundColor,color=fffff 176w, https://img.rewe-static.de/7271321/40210016_digital-image.png?resize=264px:264px&amp;output-quality=80&amp;output-format=webp&amp;im=BackgroundColor,color=fffff 264w" sizes="(min-width: 580px) 152px, 88px" type="image/webp" /><source srcSet="https://img.rewe-static.de/7271321/40210016_digital-image.png?resize=152px:152px&amp;output-quality=80&amp;output-format=jpeg2000&amp;im=BackgroundColor,color=fffff 152w, https://img.rewe-static.de/7271321/40210016_digital-image.png?resize=304px:304px&amp;output-quality=80&amp;output-format=jpeg2000&amp;im=BackgroundColor,color=fffff 304w, https://img.rewe-static.de/7271321/40210016_digital-image.png?resize=456px:456px&amp;output-quality=80&amp;output-format=jpeg2000&amp;im=BackgroundColor,color=fffff 456w, https://img.rewe-static.de/7271321/40210016_digital-image.png?resize=88px:88px&amp;output-quality=80&amp;output-format=jpeg2000&amp;im=BackgroundColor,color=fffff 88w, https://img.rewe-static.de/7271321/40210016_digital-image.png?resize=176px:176px&amp;output-quality=80&amp;output-format=jpeg2000&amp;im=BackgroundColor,color=fffff 176w, https://img.rewe-static.de/7271321/40210016_digital-image.png?resize=264px:264px&amp;output-quality=80&amp;output-format=jpeg2000&amp;im=BackgroundColor,color=fffff 264w" sizes="(min-width: 580px) 152px, 88px" type="image/jp2" /><source srcSet="https://img.rewe-static.de/7271321/40210016_digital-image.png?resize=152px:152px&amp;output-quality=80&amp;output-format=jpeg&amp;im=BackgroundColor,color=fffff 152w, https://img.rewe-static.de/7271321/40210016_digital-image.png?resize=304px:304px&amp;output-quality=80&amp;output-format=jpeg&amp;im=BackgroundColor,color=fffff 304w, https://img.rewe-static.de/7271321/40210016_digital-image.png?resize=456px:456px&amp;output-quality=80&amp;output-format=jpeg&amp;im=BackgroundColor,color=fffff 456w, https://img.rewe-static.de/7271321/40210016_digital-image.png?resize=88px:88px&amp;output-quality=80&amp;output-format=jpeg&amp;im=BackgroundColor,color=fffff 88w, https://img.rewe-static.de/7271321/40210016_digital-image.png?resize=176px:176px&amp;output-quality=80&amp;output-format=jpeg&amp;im=BackgroundColor,color=fffff 176w, https://img.rewe-static.de/7271321/40210016_digital-image.png?resize=264px:264px&amp;output-quality=80&amp;output-format=jpeg&amp;im=BackgroundColor,color=fffff 264w" sizes="(min-width: 580px) 152px, 88px" /><img src="https://img.rewe-static.de/7271321/40210016_digital-image.png?resize=152px:152px&amp;output-quality=80&amp;output-format=jpeg&amp;im=BackgroundColor,color=fffff" width="152" height="152" alt="Biometzgerei Pichler Bio Hähnchenbrustfilet 2 Stück" loading="lazy" /></picture></div></div><div class="BadgesContainer_productBadges__mIOO1 search-service-productBadges"><div class="badge_style_organicBadge__kj91r badge_style_badgeItem__vUyhV search-service-organicBadge search-service-badgeItem"></div></div></div><div class="ProductDetailsWrapper_productDetails__7vI_z search-service-productDetails"><div class="ProductDetailsWrapper_partnerName__CqluS search-service-partnerName ProductDetailsWrapper_partnerNameEmpty__c5rTb search-service-partnerNameEmpty"></div><div class="ProductDetailsWrapper_productTitleWrapper__nJ1Fr search-service-productTitleWrapper"><h4 class="ProductDetailsWrapper_productTitle__XjgsA search-service-productTitle" id="13-2186630000004-rewe-online-services|48466001-231011-product-title"><div class="LinesEllipsis  ">Biometzgerei Pichler Bio Hähnchenbrustfilet 2 Stück<wbr/></div></h4></div><div class="ProductGrammage_productGrammage__fMOJr search-service-productGrammage"><div>1 Stück ca. 180 g (1 kg = 36,90 €)</div></div><div class="search-service-productDetailsFill ProductDetailsWrapper_productDetailsFill__TNboB"></div><div><div class="search-service-productPrice ProductPriceDisplay_productPrice__pqWxK">6,64 €</div></div></div></a></div><div class="search-service-basketButtons Product_basketButtons__SYAkC"><div class="search-service-ProductActions ProductActions_ProductActions__D_l5E"><meso-data data-listingid="13-2186630000004-rewe-online-services|48466001-231011" data-productid="7271321" data-orderlimit="99" data-amount="1" data-context="product-list-category"><div class="search-service-addToCartHandlerWrapper Add2CartHandler_addToCartHandlerWrapper__bvELT"><div class="bs_add2cart_container"><div class="bs_shopping_list_wrapper"><div class="lrms-favorite-button-container"></div><script type="application/json" class="favoritebutton-propstore">{"additionalUiData":{"assetBaseUrl":"https://shop.rewe-static.de/rewe-myproducts/b0c5748b220aaf8bd2a2aed167bba4ca9b3027d0","staticAssetBaseUrl":"https://shop.rewe-static.de/rewe-myproducts","favoritesBaseUrl":"/api/favorites","anonymousFavoritesBaseUrl":"/api/anonymousfavorites"},"testgroups":["prefilled-basket-myproducts"],"togglz":[]}</script></div><div class="bs_amount-handler bs_add2cart bs_amount-zero" data-is-initialized="false"><button class="basket-button bs_amount-minus basket_ripple" disabled></button><input type="number" pattern="[0-9]*" value="0" class="basket-input bs_amount-input" autocomplete="off"><button class="basket-button bs_amount-plus basket_ripple" aria-label="Produkt zum Warenkorb hinzufügen"></button></div></div><script type="text/javascript">
                    if (!window.ReweBasket) {
                        window.ReweBasket = {}
                    }
                </script><script type="text/javascript">
                    (function () {
                      var event = 'basket:addToBasketbuttonV2Render';
                      var customEvent;
                      var data = {};
                      if (typeof CustomEvent === 'function') {
                          customEvent = new CustomEvent(event, {detail: data});
                      } else {
                          customEvent = document.createEvent('CustomEvent');
                          customEvent.initCustomEvent(event, false, false, data);
                      }
                      document.dispatchEvent(customEvent);
                    })();
                </script></div></meso-data></div></div></div><div class="search-service-product Product_product__maAwA" aria-labelledby="13-4388844298965-rewe-online-services|48466001-231011-product-title"><div><input type="hidden" name="nan" value="7054479" /><input type="hidden" name="listingId" value="13-4388844298965-rewe-online-services|48466001-231011" /></div><div class="search-service-productDetailsWrapper Product_productDetailsWrapper__bX_s8"><a class="search-service-productDetailsLink Product_productDetailsLink__hXXfb" href="/p/rewe-beste-wahl-baguette-salami-luftgetrocknet-80g/7054479"><div class="search-service-pictureWrapper ProductMediaWrapper_pictureWrapper__ZHKoX"><div class="search-service-productPicture ProductMediaWrapper_productPicture__OXMYf"><div class="search-service-rsProductsMedia ProductMedia_rsProductsMedia__TgDb_"><picture><source srcSet="https://img.rewe-static.de/7054479/27482485_digital-image.png?resize=152px:152px&amp;output-quality=80&amp;output-format=webp&amp;im=BackgroundColor,color=fffff 152w, https://img.rewe-static.de/7054479/27482485_digital-image.png?resize=304px:304px&amp;output-quality=80&amp;output-format=webp&amp;im=BackgroundColor,color=fffff 304w, https://img.rewe-static.de/7054479/27482485_digital-image.png?resize=456px:456px&amp;output-quality=80&amp;output-format=webp&amp;im=BackgroundColor,color=fffff 456w, https://img.rewe-static.de/7054479/27482485_digital-image.png?resize=88px:88px&amp;output-quality=80&amp;output-format=webp&amp;im=BackgroundColor,color=fffff 88w, https://img.rewe-static.de/7054479/27482485_digital-image.png?resize=176px:176px&amp;output-quality=80&amp;output-format=webp&amp;im=BackgroundColor,color=fffff 176w, https://img.rewe-static.de/7054479/27482485_digital-image.png?resize=264px:264px&amp;output-quality=80&amp;output-format=webp&amp;im=BackgroundColor,color=fffff 264w" sizes="(min-width: 580px) 152px, 88px" type="image/webp" /><source srcSet="https://img.rewe-static.de/7054479/27482485_digital-image.png?resize=152px:152px&amp;output-quality=80&amp;output-format=jpeg2000&amp;im=BackgroundColor,color=fffff 152w, https://img.rewe-static.de/7054479/27482485_digital-image.png?resize=304px:304px&amp;output-quality=80&amp;output-format=jpeg2000&amp;im=BackgroundColor,color=fffff 304w, https://img.rewe-static.de/7054479/27482485_digital-image.png?resize=456px:456px&amp;output-quality=80&amp;output-format=jpeg2000&amp;im=BackgroundColor,color=fffff 456w, https://img.rewe-static.de/7054479/27482485_digital-image.png?resize=88px:88px&amp;output-quality=80&amp;output-format=jpeg2000&amp;im=BackgroundColor,color=fffff 88w, https://img.rewe-static.de/7054479/27482485_digital-image.png?resize=176px:176px&amp;output-quality=80&amp;output-format=jpeg2000&amp;im=BackgroundColor,color=fffff 176w, https://img.rewe-static.de/7054479/27482485_digital-image.png?resize=264px:264px&amp;output-quality=80&amp;output-format=jpeg2000&amp;im=BackgroundColor,color=fffff 264w" sizes="(min-width: 580px) 152px, 88px" type="image/jp2" /><source srcSet="https://img.rewe-static.de/7054479/27482485_digital-image.png?resize=152px:152px&amp;output-quality=80&amp;output-format=jpeg&amp;im=BackgroundColor,color=fffff 152w, https://img.rewe-static.de/7054479/27482485_digital-image.png?resize=304px:304px&amp;output-quality=80&amp;output-format=jpeg&amp;im=BackgroundColor,color=fffff 304w, https://img.rewe-static.de/7054479/27482485_digital-image.png?resize=456px:456px&amp;output-quality=80&amp;output-format=jpeg&amp;im=BackgroundColor,color=fffff 456w, https://img.rewe-static.de/7054479/27482485_digital-image.png?resize=88px:88px&amp;output-quality=80&amp;output-format=jpeg&amp;im=BackgroundColor,color=fffff 88w, https://img.rewe-static.de/7054479/27482485_digital-image.png?resize=176px:176px&amp;output-quality=80&amp;output-format=jpeg&amp;im=BackgroundColor,color=fffff 176w, https://img.rewe-static.de/7054479/27482485_digital-image.png?resize=264px:264px&amp;output-quality=80&amp;output-format=jpeg&amp;im=BackgroundColor,color=fffff 264w" sizes="(min-width: 580px) 152px, 88px" /><img src="https://img.rewe-static.de/7054479/27482485_digital-image.png?resize=152px:152px&amp;output-quality=80&amp;output-format=jpeg&amp;im=BackgroundColor,color=fffff" width="152" height="152" alt="REWE Beste Wahl Baguette Salami luftgetrocknet 80g" loading="lazy" /></picture></div></div><div class="BadgesContainer_productBadges__mIOO1 search-service-productBadges"></div></div><div class="ProductDetailsWrapper_productDetails__7vI_z search-service-productDetails"><div class="ProductDetailsWrapper_partnerName__CqluS search-service-partnerName ProductDetailsWrapper_partnerNameEmpty__c5rTb search-service-partnerNameEmpty"></div><div class="ProductDetailsWrapper_productTitleWrapper__nJ1Fr search-service-productTitleWrapper"><h4 class="ProductDetailsWrapper_productTitle__XjgsA search-service-productTitle" id="13-4388844298965-rewe-online-services|48466001-231011-product-title"><div class="LinesEllipsis  ">REWE Beste Wahl Baguette Salami luftgetrocknet 80g<wbr/></div></h4></div><div class="ProductGrammage_productGrammage__fMOJr search-service-productGrammage"><div>80g (1 kg = 23,63 €)</div></div><div class="search-service-productDetailsFill ProductDetailsWrapper_productDetailsFill__TNboB"></div><div><div class="search-service-productOffer BulkDiscountElements_productOffer__e9Jxc"><div class="search-service-productOfferFirstLine BulkDiscountElements_productOfferFirstLine__r2Dx1"><div class="search-service-BulkDiscountPromotionText BulkDiscountElements_BulkDiscountPromotionText__YuLkM">Ab 3 Stück 5% sparen</div></div><div class="search-service-productOfferSecondLine BulkDiscountElements_productOfferSecondLine___syNJ"><div class="search-service-productPrice BulkDiscountElements_productPrice__gz_76">1,89 €</div></div></div></div></div></a></div><div class="search-service-basketButtons Product_basketButtons__SYAkC"><div class="search-service-ProductActions ProductActions_ProductActions__D_l5E"><meso-data data-listingid="13-4388844298965-rewe-online-services|48466001-231011" data-productid="7054479" data-orderlimit="99" data-amount="1" data-context="product-list-category"><div class="search-service-addToCartHandlerWrapper Add2CartHandler_addToCartHandlerWrapper__bvELT"><div class="bs_add2cart_container"><div class="bs_shopping_list_wrapper"><div class="lrms-favorite-button-container"></div><script type="application/json" class="favoritebutton-propstore">{"additionalUiData":{"assetBaseUrl":"https://shop.rewe-static.de/rewe-myproducts/b0c5748b220aaf8bd2a2aed167bba4ca9b3027d0","staticAssetBaseUrl":"https://shop.rewe-static.de/rewe-myproducts","favoritesBaseUrl":"/api/favorites","anonymousFavoritesBaseUrl":"/api/anonymousfavorites"},"testgroups":["prefilled-basket-myproducts"],"togglz":[]}</script></div><div class="bs_amount-handler bs_add2cart bs_amount-zero" data-is-initialized="false"><button class="basket-button bs_amount-minus basket_ripple" disabled></button><input type="number" pattern="[0-9]*" value="0" class="basket-input bs_amount-input" autocomplete="off"><button class="basket-button bs_amount-plus basket_ripple" aria-label="Produkt zum Warenkorb hinzufügen"></button></div></div><script type="text/javascript">
                    if (!window.ReweBasket) {
                        window.ReweBasket = {}
                    }
                </script><script type="text/javascript">
                    (function () {
                      var event = 'basket:addToBasketbuttonV2Render';
                      var customEvent;
                      var data = {};
                      if (typeof CustomEvent === 'function') {
                          customEvent = new CustomEvent(event, {detail: data});
                      } else {
                          customEvent = document.createEvent('CustomEvent');
                          customEvent.initCustomEvent(event, false, false, data);
                      }
                      document.dispatchEvent(customEvent);
                    })();
                </script></div></meso-data></div></div></div><div class="ProductTiles_productTiles__Flagship__TmLxK Flagship_flagship__REi1u"><textarea class="pdr-add-to-cart-template" style="display: none"><meso-data id="e5a7cb95-e5d5-4ae2-b21f-5559deb0ba42" data-listingid="@@data-meso-listingid@@" data-productid="@@data-meso-productid@@" data-amount="1" data-favorite-url="http://rewe-shopping-list-service/views/add-to-shoppinglist-button"><!-- FIXME include bubble only once --><div class="bs_add2cart_container"><div class="bs_shopping_list_wrapper"><div class="lrms-favorite-button-container"></div><script type="application/json" class="favoritebutton-propstore">{"additionalUiData":{"assetBaseUrl":"https://shop.rewe-static.de/rewe-myproducts/b0c5748b220aaf8bd2a2aed167bba4ca9b3027d0","staticAssetBaseUrl":"https://shop.rewe-static.de/rewe-myproducts","favoritesBaseUrl":"/api/favorites","anonymousFavoritesBaseUrl":"/api/anonymousfavorites"},"testgroups":["prefilled-basket-myproducts"],"togglz":[]}</script><!-- //NOSONAR --><!-- //NOSONAR --></div><div class="bs_amount-handler bs_add2cart bs_amount-zero" data-is-initialized="false"><button class="basket-button bs_amount-minus basket_ripple" disabled></button><input type="number" pattern="[0-9]*" value="0" class="basket-input bs_amount-input"
                               autocomplete="off"><button class="basket-button bs_amount-plus basket_ripple"
                                aria-label="Produkt zum Warenkorb hinzufügen"></button></div></div><script type="text/javascript">
                    if (!window.ReweBasket) {
                        window.ReweBasket = {}
                    }
                </script><script type="text/javascript">
                    (function () {
                      var event = 'basket:addToBasketbuttonV2Render';
                      var customEvent;
                      var data = {};
                      if (typeof CustomEvent === 'function') {
                          customEvent = new CustomEvent(event, {detail: data});
                      } else {
                          customEvent = document.createEvent('CustomEvent');
                          customEvent.initCustomEvent(event, false, false, data);
                      }
                      document.dispatchEvent(customEvent);
                    })();
                </script></meso-data></textarea><script type="application/json" id="pdr-internaldata-propstore">{"includeUrls":{"basketIncludeUrl":"http://rewe-basket/ui/add-to-basket-button-v2","favoriteIncludeUrl":"http://rewe-myproducts/ui/favorite-button?customerUUID=981a15fb-f1f3-4ee2-adda-89e99b2b7d92","selectLocationIncludeUrl":"http://market-chooser/ui/market-chooser-button","tileIncludeUrl":"http://product-details-renderer/ui/@@type@@/@@id@@?context=null&serviceTypes=DELIVERY"},"tilesDataUrl":"/api/product-tiles?@@ids@@&context=tile&serviceTypes=DELIVERY","context":null,"trackingPosition":null,"trackingContextName":null,"appearance":"vertical","productType":"default","checkoutConstrains":false,"testGroups":["address-optional-salutation","checkout-display-showroom-ad","cmp3","eas-new-be","mengenrabattierung","new-navigation-tracking","newEAS","offer-details-tracking","payback-card-change","payback-ecoupon-api","payback-evoucher","payback-rewe-newsletter","payback-targeted-bonus-coupon","payback-targeted-burn","pester-power-items","pp-rewe-ebon","pp-rewe-ebon-deactivate","prefilled-basket-myproducts","productlist-gam-sizes-2024","rewe-sso","sy-rewe-ebon","wookiees-pickup-page"],"serviceTypes":["DELIVERY"],"marketCode":"231011","isLoggedIn":true}</script><script type="application/json" id="fsr-propstore">{"bannerUrl":"/api/flagships","debug":false,"market":{"marketCode":"231011","serviceType":"DELIVERY"},"testGroups":["address-optional-salutation","checkout-display-showroom-ad","cmp3","eas-new-be","mengenrabattierung","new-navigation-tracking","newEAS","offer-details-tracking","payback-card-change","payback-ecoupon-api","payback-evoucher","payback-rewe-newsletter","payback-targeted-bonus-coupon","payback-targeted-burn","pester-power-items","pp-rewe-ebon","pp-rewe-ebon-deactivate","prefilled-basket-myproducts","productlist-gam-sizes-2024","rewe-sso","sy-rewe-ebon","wookiees-pickup-page"],"queryParams":{"searchTerm":"c:fleisch-fisch"}}</script><script type="application/json" id="fsr-propstore-flagship_productlist">{"adId":"shotgun_y2vIXtq7Ywml2n3TWiANMcjuwuYKCAoGNDgzNDk0EgAaCwi4j4uxBhDjprooIgIIAQ==","headingText":"Banner advertisement for \"Tim Mälzers Geheimzutat\" with a product carousel and a recepie-link","text":"Jetzt alle Zutaten bequem liefern lassen","textColor":"000000","backgroundColor":"26BFFF","backgroundImage":"https://eu2.flavedo.io/citrus/07047241-ffb4-4858-86b4-75bd40a03f35","smallBackgroundImage":"https://eu2.flavedo.io/citrus/926be5b0-4edc-4857-873d-7403153282ae","heroImageAltText":"Banner shows a dish by Tim Mälzer next to the main ingredient for the sauce","tileData":[{"listingId":"13-4000186010400-rewe-online-services|48466001-231011","productId":"4970659","articleId":"4000186010400","productName":"Leimer Semmelbrösel aus frischem Weißbrot 400g","bulkDiscountTiers":[{"minimumQuantity":4,"price":125,"basePrice":{"value":313,"measure":{"quantity":1,"uom":"KG"}},"discountRate":10,"grammage":"400g (1 kg = 3,13 €)"}],"productDetailsLink":"/p/leimer-semmelbroesel-aus-frischem-weissbrot-400g/4970659","imageUrl":"https://img.rewe-static.de/4970659/2219250_digital-image.png","price":139,"grammage":"400g (1 kg = 3,48 €)","regularPrice":139,"orderLimit":99,"merchantLogo":"https://a.rewe-static.de/partnerlogos/rewe/REWE_mp.png","biozid":false,"bio":false},{"listingId":"8-YYUKAOBC-rewe-online-services|48466001-231011","productId":"7670094","articleId":"YYUKAOBC","productName":"REWE Geheimzutat N°3 Stückige Tomatensauce von Tim Mälzer 350g","productDetailsLink":"/p/rewe-geheimzutat-n-3-stueckige-tomatensauce-von-tim-maelzer-350g/7670094","imageUrl":"https://img.rewe-static.de/7670094/42629931_digital-image.png","price":299,"grammage":"350g (1 kg = 8,54 €)","regularPrice":299,"orderLimit":99,"merchantLogo":"https://a.rewe-static.de/partnerlogos/rewe/REWE_mp.png","biozid":false,"bio":false}],"callToAction":{"text":"Zum Rezept","textAccessibility":"CTA leading to a recepie for from Tim Mälzer","link":"https://www.rewe.de/rezepte/tim-maelzers-buletten-tomatenragout"}}</script><rd-flagship id="flagship_productlist"><div class="fsr-Flagship"><a href="https://www.rewe.de/rezepte/tim-maelzers-buletten-tomatenragout" class="fsr-Header"><div class="fsr-Header__AdInfo">Werbung</div><img class="fsr-Header__Background fsr-Header__Background--Small" src="https://eu2.flavedo.io/citrus/926be5b0-4edc-4857-873d-7403153282ae" alt="https://eu2.flavedo.io/citrus/926be5b0-4edc-4857-873d-7403153282ae" /><img class="fsr-Header__Background fsr-Header__Background--Large" src="https://eu2.flavedo.io/citrus/07047241-ffb4-4858-86b4-75bd40a03f35" alt="https://eu2.flavedo.io/citrus/07047241-ffb4-4858-86b4-75bd40a03f35" /></a><div class="fsr-Body" style="background:#26BFFF"><div class="fsr-Headline"><div class="fsr-Headline__Text" style="color:#000000"><a class="fsr-Headline__TextLink" title="Zum Rezept" href="https://www.rewe.de/rezepte/tim-maelzers-buletten-tomatenragout">Jetzt alle Zutaten bequem liefern lassen</a></div><div class="fsr-Headline__Controls"><div id="fsr-SliderArrow--prev"></div><div id="fsr-SliderArrow--next"></div></div></div><div class="slick-slider fsr-Slider slick-initialized"><div class="slick-list"><div class="slick-track" style="width:100%;left:0%"><div data-index="0" class="slick-slide slick-active slick-current" tabindex="-1" aria-hidden="false" style="outline:none;width:33.333333333333336%"><div><div class="fsr-Product fsr-Slider__Item"></div></div></div><div data-index="1" class="slick-slide slick-active" tabindex="-1" aria-hidden="false" style="outline:none;width:33.333333333333336%"><div><div class="fsr-Product fsr-Slider__Item"></div></div></div><div data-index="2" class="slick-slide slick-active" tabindex="-1" aria-hidden="false" style="outline:none;width:33.333333333333336%"><div><div class="fsr-CallToActionTile fsr-Slider__Item"><a href="https://www.rewe.de/rezepte/tim-maelzers-buletten-tomatenragout" title="CTA leading to a recepie for from Tim Mälzer" aria-label="CTA leading to a recepie for from Tim Mälzer" class="pdr-Tile pdr-Tile--horizontal pdr-dontbreak fsr-CallToActionTile__Link"><span class="fsr-CallToActionTile__LinkText">Zum Rezept</span></a></div></div></div></div></div></div></div></div></rd-flagship></div></div><div class="SearchResultsFeedback_feedbackContainer__RIT2a"><div><p class="SearchResultsFeedback_feedbackTitle__nvSHt">Hast du gefunden, wonach du gesucht hast?</p><div class="SearchResultsFeedback_feedbackInteractions__qAV88"><button type="button" class="SearchResultsFeedback_feedbackInteractionButton__zNzdP" data-testid="feedback-interaction-button-positive"><svg xmlns="http://www.w3.org/2000/svg" width="56" height="44" viewBox="0 0 56 44"><g fill="none"><g><path fill="#C7D7E2" d="M13.3 25.762c1.242 0 2.192-.941 2.192-2.172V4.77c0-1.23-1.023-2.243-2.338-2.243H2.704c-.292 0 0 23.307 0 23.307H13.3v-.072z" transform="translate(0 15.004)"></path><path fill="#4C4C4C" d="M13.3 27.933H2.63c-1.242 0-2.192-.94-2.192-2.171 0-1.23.95-2.172 2.193-2.172h10.596V4.77c0-.072-.073-.072-.146-.072H2.704c-1.242 0-2.192-.94-2.192-2.171 0-1.23.95-2.172 2.192-2.172h10.45c2.484 0 4.53 2.027 4.53 4.416v18.82c0 2.46-1.972 4.342-4.384 4.342z" transform="translate(0 15.004)"></path></g><path fill="#4C4C4C" d="M38.363 16.181l2.927.022 8.48.076c.512.004 1.02.073 1.515.206 3.2.86 5.097 4.151 4.236 7.351-1.954 7.271-3.23 11.617-3.825 13.037-1.445 3.442-4.761 5.728-8.492 5.854-4.176.14-6.366.21-10.569.21-6.778 0-12.01-.505-15.693-1.515C15.204 40.945 14 39.366 14 37.564v-17.53-.03c.016-2.209 1.82-3.987 4.03-3.97l5.566.04.047-.083 7.608-13.064c1.433-2.46 4.42-3.544 7.097-2.574 2.577.932 3.95 3.742 3.101 6.348l-3.086 9.48z"></path><path fill="#FFF" d="M24 38.004H30V44.004H24z"></path><path fill="#F7EBDE" d="M27.1 18.004c-.709 1.286-2.065 2.08-3.533 2.07L18 20.034v17.53c3.28.9 8.184 1.373 14.635 1.373 4.159 0 6.303-.069 10.434-.208 2.17-.073 4.098-1.402 4.938-3.404.495-1.178 1.758-5.484 3.651-12.527.287-1.067-.345-2.164-1.412-2.45-.164-.045-.334-.068-.504-.07l-14.144-.114c-1.105-.01-1.993-.912-1.984-2.016.002-.205.035-.408.098-.603l3.933-12.082c.18-.554-.11-1.151-.659-1.35-.86-.31-1.818.038-2.278.828L27.1 18.004z"></path><path fill="#D2C8BD" d="M23.665 38.542c-2.753-.371-4.642-.697-5.665-.978v-17.53l5.567.04.098 18.468z"></path><circle cx="30" cy="40.904" r="2" fill="#454B54"></circle><circle cx="23.9" cy="40.584" r="2" fill="#454B54"></circle></g></svg></button><button type="button" class="SearchResultsFeedback_feedbackInteractionButton__zNzdP" style="transform:rotate(180deg)" data-testid="feedback-interaction-button-negative"><svg xmlns="http://www.w3.org/2000/svg" width="56" height="44" viewBox="0 0 56 44"><g fill="none"><g><path fill="#C7D7E2" d="M13.3 25.762c1.242 0 2.192-.941 2.192-2.172V4.77c0-1.23-1.023-2.243-2.338-2.243H2.704c-.292 0 0 23.307 0 23.307H13.3v-.072z" transform="translate(0 15.004)"></path><path fill="#4C4C4C" d="M13.3 27.933H2.63c-1.242 0-2.192-.94-2.192-2.171 0-1.23.95-2.172 2.193-2.172h10.596V4.77c0-.072-.073-.072-.146-.072H2.704c-1.242 0-2.192-.94-2.192-2.171 0-1.23.95-2.172 2.192-2.172h10.45c2.484 0 4.53 2.027 4.53 4.416v18.82c0 2.46-1.972 4.342-4.384 4.342z" transform="translate(0 15.004)"></path></g><path fill="#4C4C4C" d="M38.363 16.181l2.927.022 8.48.076c.512.004 1.02.073 1.515.206 3.2.86 5.097 4.151 4.236 7.351-1.954 7.271-3.23 11.617-3.825 13.037-1.445 3.442-4.761 5.728-8.492 5.854-4.176.14-6.366.21-10.569.21-6.778 0-12.01-.505-15.693-1.515C15.204 40.945 14 39.366 14 37.564v-17.53-.03c.016-2.209 1.82-3.987 4.03-3.97l5.566.04.047-.083 7.608-13.064c1.433-2.46 4.42-3.544 7.097-2.574 2.577.932 3.95 3.742 3.101 6.348l-3.086 9.48z"></path><path fill="#FFF" d="M24 38.004H30V44.004H24z"></path><path fill="#F7EBDE" d="M27.1 18.004c-.709 1.286-2.065 2.08-3.533 2.07L18 20.034v17.53c3.28.9 8.184 1.373 14.635 1.373 4.159 0 6.303-.069 10.434-.208 2.17-.073 4.098-1.402 4.938-3.404.495-1.178 1.758-5.484 3.651-12.527.287-1.067-.345-2.164-1.412-2.45-.164-.045-.334-.068-.504-.07l-14.144-.114c-1.105-.01-1.993-.912-1.984-2.016.002-.205.035-.408.098-.603l3.933-12.082c.18-.554-.11-1.151-.659-1.35-.86-.31-1.818.038-2.278.828L27.1 18.004z"></path><path fill="#D2C8BD" d="M23.665 38.542c-2.753-.371-4.642-.697-5.665-.978v-17.53l5.567.04.098 18.468z"></path><circle cx="30" cy="40.904" r="2" fill="#454B54"></circle><circle cx="23.9" cy="40.584" r="2" fill="#454B54"></circle></g></svg></button></div></div></div><div class="Pagination_paginationContainer__moOE5"><form method="post" action="/api/prg"><input type="hidden" name="redirectUrl" value="Iw" /><button type="submit" class="PostRequestGetForm_PostRequestGetFormButton__9Sp2R PaginationArrow_paginationArrow__DXWng PaginationArrow_paginationArrowDisabled__F6yab PaginationArrow_paginationArrowFront__aKHcw">&lt;</button></form><div class="Pagination_paginationPagesContainer__b2Lv_ PaginationPagesList_paginationPagesContainer__1GeqL"><span class="PaginationPagesList_paginationPage__yuWIE PaginationPagesList_paginationPageActive__BLPwD PaginationPagesList_paginationPageLink__5r41e" page-index="1">1</span><form method="post" action="/api/prg"><input type="hidden" name="redirectUrl" value="aHR0cHM6Ly9zaG9wLnJld2UuZGUvYy9mbGVpc2NoLWZpc2NoLz9wYWdlPTI" /><button type="submit" class="PostRequestGetForm_PostRequestGetFormButton__9Sp2R PaginationPagesList_paginationPage__yuWIE PaginationPagesList_paginationPageLink__5r41e">2</button></form><form method="post" action="/api/prg"><input type="hidden" name="redirectUrl" value="aHR0cHM6Ly9zaG9wLnJld2UuZGUvYy9mbGVpc2NoLWZpc2NoLz9wYWdlPTM" /><button type="submit" class="PostRequestGetForm_PostRequestGetFormButton__9Sp2R PaginationPagesList_paginationPage__yuWIE PaginationPagesList_paginationPageLink__5r41e">3</button></form><span class="PaginationPagesList_paginationPage__yuWIE PaginationPagesList_paginationPageSpacer__qsPwd">…</span><form method="post" action="/api/prg"><input type="hidden" name="redirectUrl" value="aHR0cHM6Ly9zaG9wLnJld2UuZGUvYy9mbGVpc2NoLWZpc2NoLz9wYWdlPTE1" /><button type="submit" class="PostRequestGetForm_PostRequestGetFormButton__9Sp2R PaginationPagesList_paginationPage__yuWIE PaginationPagesList_paginationPageLink__5r41e">15</button></form></div><form method="post" action="/api/prg"><input type="hidden" name="redirectUrl" value="aHR0cHM6Ly9zaG9wLnJld2UuZGUvYy9mbGVpc2NoLWZpc2NoLz9wYWdlPTI" /><button type="submit" class="PostRequestGetForm_PostRequestGetFormButton__9Sp2R PaginationArrow_paginationArrow__DXWng PaginationArrow_paginationArrowEnabled___He_R PaginationArrow_paginationArrowBack__3_LbC">&gt;</button></form></div></div></main></div><div class="ShippingInfoDialog_shippingModalBackground__Lw9bb" tabindex="0"></div></div></div><div><textarea class="pdr-add-to-cart-template" style="display: none"><meso-data id="4d11083d-6a3e-41ae-a4a0-46cd6d8111f6" data-favorite-url="http://rewe-shopping-list-service/views/add-to-shoppinglist-button" data-listingid="@@data-meso-listingid@@" data-productid="@@data-meso-productid@@" data-amount="1"><!-- FIXME include bubble only once --><div class="bs_add2cart_container"><div class="bs_shopping_list_wrapper"><div class="lrms-favorite-button-container"></div><script type="application/json" class="favoritebutton-propstore">{"additionalUiData":{"assetBaseUrl":"https://shop.rewe-static.de/rewe-myproducts/b0c5748b220aaf8bd2a2aed167bba4ca9b3027d0","staticAssetBaseUrl":"https://shop.rewe-static.de/rewe-myproducts","favoritesBaseUrl":"/api/favorites","anonymousFavoritesBaseUrl":"/api/anonymousfavorites"},"testgroups":["prefilled-basket-myproducts"],"togglz":[]}</script><!-- //NOSONAR --><!-- //NOSONAR --></div><div class="bs_amount-handler bs_add2cart bs_amount-zero" data-is-initialized="false"><button class="basket-button bs_amount-minus basket_ripple" disabled></button><input type="number" pattern="[0-9]*" value="0" class="basket-input bs_amount-input"
                               autocomplete="off"><button class="basket-button bs_amount-plus basket_ripple"
                                aria-label="Produkt zum Warenkorb hinzufügen"></button></div></div><script type="text/javascript">
                    if (!window.ReweBasket) {
                        window.ReweBasket = {}
                    }
                </script><script type="text/javascript">
                    (function () {
                      var event = 'basket:addToBasketbuttonV2Render';
                      var customEvent;
                      var data = {};
                      if (typeof CustomEvent === 'function') {
                          customEvent = new CustomEvent(event, {detail: data});
                      } else {
                          customEvent = document.createEvent('CustomEvent');
                          customEvent.initCustomEvent(event, false, false, data);
                      }
                      document.dispatchEvent(customEvent);
                    })();
                </script></meso-data></textarea><script type="application/json" id="pdr-internaldata-propstore">{"includeUrls":{"basketIncludeUrl":"http://rewe-basket/ui/add-to-basket-button-v2","favoriteIncludeUrl":"http://rewe-myproducts/ui/favorite-button?customerUUID=981a15fb-f1f3-4ee2-adda-89e99b2b7d92","selectLocationIncludeUrl":"http://market-chooser/ui/market-chooser-button","tileIncludeUrl":"http://product-details-renderer/ui/@@type@@/@@id@@?context=null&serviceTypes=DELIVERY"},"tilesDataUrl":"/api/product-tiles?@@ids@@&context=tile&serviceTypes=DELIVERY","context":null,"trackingPosition":null,"trackingContextName":null,"appearance":"vertical","productType":"default","checkoutConstrains":false,"testGroups":["address-optional-salutation","checkout-display-showroom-ad","cmp3","eas-new-be","mengenrabattierung","new-navigation-tracking","newEAS","offer-details-tracking","payback-card-change","payback-ecoupon-api","payback-evoucher","payback-rewe-newsletter","payback-targeted-bonus-coupon","payback-targeted-burn","pester-power-items","pp-rewe-ebon","pp-rewe-ebon-deactivate","prefilled-basket-myproducts","productlist-gam-sizes-2024","rewe-sso","sy-rewe-ebon","wookiees-pickup-page"],"serviceTypes":["DELIVERY"],"marketCode":"231011","isLoggedIn":true}</script><script type="application/json" id="fsr-propstore">{"bannerUrl":"/api/flagships","debug":false,"market":{"marketCode":"231011","serviceType":"DELIVERY"},"testGroups":["address-optional-salutation","checkout-display-showroom-ad","cmp3","eas-new-be","mengenrabattierung","new-navigation-tracking","newEAS","offer-details-tracking","payback-card-change","payback-ecoupon-api","payback-evoucher","payback-rewe-newsletter","payback-targeted-bonus-coupon","payback-targeted-burn","pester-power-items","pp-rewe-ebon","pp-rewe-ebon-deactivate","prefilled-basket-myproducts","productlist-gam-sizes-2024","rewe-sso","sy-rewe-ebon","wookiees-pickup-page"],"queryParams":{}}</script></div></div><div><noscript></noscript><div id="ld-cll-linklist-meso-content"><div class="ld-cll-linklist"><hr class="ld-cll-linklist-headline-separator" /><div class="ld-cll-linklist-sections"><div class="ld-cll-linklist-section"><div class="ld-cll-linklist-section-sub-headline" role="heading" aria-level="4">Beliebte Fleisch-Kategorien</div><div class="ld-cll-linklist-section-links"><div class="ld-cll-linklist-section-link-wrapper"><a href="https://shop.rewe.de/c/gaense-entenfleisch/" class="ld-cll-linklist-section-link">Gänse- &amp; Entenfleisch</a></div><div class="ld-cll-linklist-section-link-wrapper"><a href="https://shop.rewe.de/c/hackfleisch/" class="ld-cll-linklist-section-link">Hackfleisch</a></div><div class="ld-cll-linklist-section-link-wrapper"><a href="https://shop.rewe.de/c/huehnerfleisch/" class="ld-cll-linklist-section-link">Hühnerfleisch</a></div><div id="ld-cll-linklist-section-links-collapse-wrapper-0" class="ld-cll-linklist-section-links-collapse-wrapper" data-section-index="0"><div class="ld-cll-linklist-section-link-wrapper"><a href="https://shop.rewe.de/c/putenfleisch/" class="ld-cll-linklist-section-link">Putenfleisch</a></div><div class="ld-cll-linklist-section-link-wrapper"><a href="https://shop.rewe.de/c/lammfleisch/" class="ld-cll-linklist-section-link">Lammfleisch</a></div></div><div class="ld-cll-linklist-section-button-wrapper"><button class="ld-cll-linklist-section-button" data-section-index="0"><span class="ld-cll-linklist-section-button-icon"><span id="ld-cll-linklist-section-button-icon-0"><svg class="ld-cll-icon-collapse ld-cll-icon ld-cll-icon-hidden" xmlns="http://www.w3.org/2000/svg" height="24" viewBox="0 0 24 24" width="24"><path d="M0 0h24v24H0z" fill="none" /><path d="M12 8l-6 6 1.41 1.41L12 10.83l4.59 4.58L18 14z" /></svg><svg class="ld-cll-icon-expand ld-cll-icon" xmlns="http://www.w3.org/2000/svg" height="24" viewBox="0 0 24 24" width="24"><path d="M0 0h24v24H0z" fill="none" /><path d="M16.59 8.59L12 13.17 7.41 8.59 6 10l6 6 6-6z" /></svg></span></span><span id="ld-cll-linklist-section-button-label-0" class="ld-cll-linklist-section-button-label">Mehr anzeigen</span></button></div></div></div><div class="ld-cll-linklist-section"><div class="ld-cll-linklist-section-sub-headline" role="heading" aria-level="4">Beliebte Fisch-Kategorien</div><div class="ld-cll-linklist-section-links"><div class="ld-cll-linklist-section-link-wrapper"><a href="https://shop.rewe.de/c/frischer-fisch/" class="ld-cll-linklist-section-link">Frischer Fisch</a></div><div class="ld-cll-linklist-section-link-wrapper"><a href="https://shop.rewe.de/c/hering-matjes/" class="ld-cll-linklist-section-link">Hering &amp; Matjes</a></div><div class="ld-cll-linklist-section-link-wrapper"><a href="https://shop.rewe.de/c/lachs-seelachs/" class="ld-cll-linklist-section-link">Lachs &amp; Seelachs</a></div><div id="ld-cll-linklist-section-links-collapse-wrapper-1" class="ld-cll-linklist-section-links-collapse-wrapper" data-section-index="1"><div class="ld-cll-linklist-section-link-wrapper"><a href="https://shop.rewe.de/c/meeresfruechte/" class="ld-cll-linklist-section-link">Meeresfrüchte</a></div><div class="ld-cll-linklist-section-link-wrapper"><a href="https://shop.rewe.de/c/raeucherfisch/" class="ld-cll-linklist-section-link">Räucherfisch</a></div></div><div class="ld-cll-linklist-section-button-wrapper"><button class="ld-cll-linklist-section-button" data-section-index="1"><span class="ld-cll-linklist-section-button-icon"><span id="ld-cll-linklist-section-button-icon-1"><svg class="ld-cll-icon-collapse ld-cll-icon ld-cll-icon-hidden" xmlns="http://www.w3.org/2000/svg" height="24" viewBox="0 0 24 24" width="24"><path d="M0 0h24v24H0z" fill="none" /><path d="M12 8l-6 6 1.41 1.41L12 10.83l4.59 4.58L18 14z" /></svg><svg class="ld-cll-icon-expand ld-cll-icon" xmlns="http://www.w3.org/2000/svg" height="24" viewBox="0 0 24 24" width="24"><path d="M0 0h24v24H0z" fill="none" /><path d="M16.59 8.59L12 13.17 7.41 8.59 6 10l6 6 6-6z" /></svg></span></span><span id="ld-cll-linklist-section-button-label-1" class="ld-cll-linklist-section-button-label">Mehr anzeigen</span></button></div></div></div></div></div></div><div class="rdf-footer-newsletter"><div id="nrp-teaser" data-touchpoint-id="40"></div></div><script>
            performance.mark('@REWE_FOOTER_start');
        </script><footer class="rdf-footer"><div class="rdf-footer-content"><div class="rdf-footer-grid"><div class="rdf-footer-grid-area-section-app-payment"><div class="rdf-footer-section rdf-footer-accordion"><h3 class="rdf-footer-accordion-heading">Angebote
<img loading="lazy" class="rdf-footer-accordion-icon" alt src="https://shop.rewe-static.de/rewe-footer/7c1489ced4fe85089bb1e89f3477cca8d688ee64/img/icon-chevron-down.svg" width="24px" height="24px" aria-hidden="true"></h3><div class="rdf-footer-section-links"><a href="https://www.rewe.de/angebote/" class="rdf-link">Angebote im Markt</a><a href="https://shop.rewe.de/angebote" class="rdf-link">Angebote im Lieferservice</a><a href="https://www.rewe.de/service/" class="rdf-link">Unsere Services</a><a href="https://www.rewe.de/payback/" class="rdf-link" target="_blank" rel="noreferrer noopener">PAYBACK</a><a href="https://www.rewe.de/aktionen/gewinnspiele/" class="rdf-link">Gewinnspiele</a><a href="https://produkttests.rewe.de/" class="rdf-link" target="_blank" rel="noreferrer noopener">REWE Produkttests</a></div></div><div class="rdf-footer-section rdf-footer-accordion"><h3 class="rdf-footer-accordion-heading">Online Einkaufen
<img loading="lazy" class="rdf-footer-accordion-icon" alt src="https://shop.rewe-static.de/rewe-footer/7c1489ced4fe85089bb1e89f3477cca8d688ee64/img/icon-chevron-down.svg" width="24px" height="24px" aria-hidden="true"></h3><div class="rdf-footer-section-links"><a href="https://shop.rewe.de/" class="rdf-link">Lebensmittel online kaufen</a><a href="https://www.rewe.de/service/lebensmittel-lieferservice/" class="rdf-link">So funktioniert der Lieferservice</a><a href="https://www.rewe.de/service/abholservice/" class="rdf-link">Abholservice</a><a href="https://shop.rewe.de/allcategories" class="rdf-link" target="_blank" rel="noreferrer noopener">Produkt-Übersicht</a><a href="https://www.rewe.de/service/geschaeftskunden/bueroeinkauf/?icid=b2b_serviceseite_bueroeinkauf_button_footer_nn_nn_nn_nn" class="rdf-link" target="_blank" rel="noreferrer noopener">Für Geschäftskunden</a></div></div><div class="rdf-footer-section rdf-footer-accordion"><h3 class="rdf-footer-accordion-heading">Über REWE
<img loading="lazy" class="rdf-footer-accordion-icon" alt src="https://shop.rewe-static.de/rewe-footer/7c1489ced4fe85089bb1e89f3477cca8d688ee64/img/icon-chevron-down.svg" width="24px" height="24px" aria-hidden="true"></h3><div class="rdf-footer-section-links"><a href="https://www.rewe.de/nachhaltigkeit/" class="rdf-link">Nachhaltigkeit</a><a href="https://www.rewe-group.com/de/unternehmen/" class="rdf-link" target="_blank" rel="noreferrer noopener">Das Unternehmen</a><a href="https://karriere.rewe.de/" class="rdf-link" target="_blank" rel="noreferrer noopener">Karriere</a><a href="https://karriere.rewe.de/ausbildung" class="rdf-link" target="_blank" rel="noreferrer noopener">Ausbildung</a><a href="https://mediacenter.rewe.de/" class="rdf-link">Presse</a><a href="https://www.rewe.de/service/kontakt/" class="rdf-link">Kontakt</a></div></div><div class="rdf-footer-section rdf-footer-accordion"><h3 class="rdf-footer-accordion-heading">Hilfe &amp; Sonstiges
<img loading="lazy" class="rdf-footer-accordion-icon" alt src="https://shop.rewe-static.de/rewe-footer/7c1489ced4fe85089bb1e89f3477cca8d688ee64/img/icon-chevron-down.svg" width="24px" height="24px" aria-hidden="true"></h3><div class="rdf-footer-section-links"><a href="https://www.rewe.de/service/fragen-und-antworten/" class="rdf-link">Fragen und Antworten</a><a href="https://www.rewe.de/lexikon/" class="rdf-link">Lebensmittel-Lexikon</a><a href="https://www.rewe.de/service/inhaltsverzeichnis-rezepte/a/" class="rdf-link">Rezepte-Verzeichnis</a><a href="https://www.rewe.de/marktsuche/" class="rdf-link">Öffnungszeiten &amp; Marktsuche</a><a href="https://www.rewe.de/rezepte/was-koche-ich-heute/" class="rdf-link">Was koche ich heute</a><a href="https://www.rewe.de/ernaehrung/nutri-score/" class="rdf-link">Nutri-Score</a></div></div><div class="rdf-footer-partner-mobile"><div class="rdf-footer-partner rdf-footer-accordion"><h3 class="rdf-footer-accordion-heading">Partnerangebote
<img loading="lazy" class="rdf-footer-accordion-icon" alt src="https://shop.rewe-static.de/rewe-footer/7c1489ced4fe85089bb1e89f3477cca8d688ee64/img/icon-chevron-down.svg" width="24px" height="24px" aria-hidden="true"></h3><div class="rdf-footer-section-links"><span class="rdf-footer-link"><a href="https://www.rewe-reisen.de/home.html?ecid=ooh_rewe_partnerlink_rewe-de_2upd-rewe-lh_nat-link-footer_all_nn_nn-nn-nn_nn" class="rdf-link" target="_blank" rel="noreferrer noopener">REWE Reisen</a></span><span class="rdf-footer-link"><span class="rdf-footer-link__separator" aria-hidden="true">&#8226;</span><a href="https://togo.rewe.de/" class="rdf-link" target="_blank" rel="noreferrer noopener">REWE To Go</a></span><span class="rdf-footer-link"><span class="rdf-footer-link__separator" aria-hidden="true">&#8226;</span><a href="https://kartenwelt.rewe.de/?pk_campaign=Startseite_REWE" class="rdf-link" target="_blank" rel="noreferrer noopener">REWE Kartenwelt</a></span><span class="rdf-footer-link"><span class="rdf-footer-link__separator" aria-hidden="true">&#8226;</span><a href="https://www.weinfreunde.de/" class="rdf-link" target="_blank" rel="noreferrer noopener">Weinfreunde</a></span><span class="rdf-footer-link"><span class="rdf-footer-link__separator" aria-hidden="true">&#8226;</span><a href="http://www.zooroyal.de/" class="rdf-link" target="_blank" rel="noreferrer noopener">ZooRoyal</a></span><span class="rdf-footer-link"><span class="rdf-footer-link__separator" aria-hidden="true">&#8226;</span><a href="https://www.koelner-weinkeller.de/" class="rdf-link" target="_blank" rel="noreferrer noopener">Kölner Weinkeller</a></span></div></div></div><div class="rdf-footer-app"><h3>REWE App</h3><a href="https://app.adjust.com/jsr?url=https%3A%2F%2Fj89v.adj.st%3Fadj_t%3Dflj58c5%26adj_label%3DONS" title="Apple App Store" target="_blank" rel="noopener noreferrer" class="rdf-link"><img loading="lazy" alt src="https://shop.rewe-static.de/rewe-footer/7c1489ced4fe85089bb1e89f3477cca8d688ee64/img/apple-store-banner.svg" width="118" height="35" aria-hidden="true"></a><a href="https://app.adjust.com/jsr?url=https%3A%2F%2Fj89v.adj.st%3Fadj_t%3Dflj58c5%26adj_fallback%3Dhttps%253A%252F%252Fplay.google.com%252Fstore%252Fapps%252Fdetails%253Fid%253Dde.rewe.app.mobile%26adj_redirect_macos%3Dhttps%253A%252F%252Fplay.google.com%252Fstore%252Fapps%252Fdetails%253Fid%253Dde.rewe.app.mobile%26adj_label%3DONS" title="Google Play Store" target="_blank" rel="noopener noreferrer" class="rdf-link"><img loading="lazy" alt src="https://shop.rewe-static.de/rewe-footer/7c1489ced4fe85089bb1e89f3477cca8d688ee64/img/google-play-banner.svg" width="118" height="35" aria-hidden="true"></a></div><div class="rdf-footer-payment"><h3>Zahlungsarten</h3><span><img loading="lazy" alt="visa" src="https://shop.rewe-static.de/rewe-footer/7c1489ced4fe85089bb1e89f3477cca8d688ee64/img/assets-payment-asset-visa.svg"></span><span><img loading="lazy" alt="paypal" src="https://shop.rewe-static.de/rewe-footer/7c1489ced4fe85089bb1e89f3477cca8d688ee64/img/assets-payment-asset-paypal.svg"></span><span><img loading="lazy" alt="mastercard" src="https://shop.rewe-static.de/rewe-footer/7c1489ced4fe85089bb1e89f3477cca8d688ee64/img/assets-payment-asset-mastercard.svg"></span><span><img loading="lazy" alt="american-express" src="https://shop.rewe-static.de/rewe-footer/7c1489ced4fe85089bb1e89f3477cca8d688ee64/img/assets-payment-asset-american-express.svg"></span><span><img loading="lazy" alt="rechnung" src="https://shop.rewe-static.de/rewe-footer/7c1489ced4fe85089bb1e89f3477cca8d688ee64/img/assets-payment-asset-rechnung.svg"></span></div></div><div class="rdf-footer-grid-area-legal"><div class="rdf-footer-legal" aria-label="Rechtliches"><span class="rdf-footer-link"><a href="https://www.rewe.de/service/agb/" class="rdf-link">AGB</a></span><span class="rdf-footer-link"><span class="rdf-footer-link__separator" aria-hidden="true">&#8226;</span><a href="https://www.rewe.de/service/datenschutz/" class="rdf-link" target="_blank" rel="noreferrer noopener">Datenschutz</a></span><span class="rdf-footer-link"><span class="rdf-footer-link__separator" aria-hidden="true">&#8226;</span><a href="https://www.rewe.de/service/impressum/" class="rdf-link">Impressum</a></span><span class="rdf-footer-link"><span class="rdf-footer-link__separator" aria-hidden="true">&#8226;</span><a href="https://www.rewe.de/service/nutzungsbedingungen/" class="rdf-link">Nutzungsbedingungen</a></span><span class="rdf-footer-link"><span class="rdf-footer-link__separator" aria-hidden="true">&#8226;</span><a href="#uc-corner-modal-show" class="rdf-link">Privatsphäre-Einstellungen</a></span><span class="rdf-footer-link"><span class="rdf-footer-link__separator" aria-hidden="true">&#8226;</span><a href="https://www.rewe.de/service/hinweise-batteriegesetz/" class="rdf-link">Hinweis nach BattG</a></span><span class="rdf-footer-link"><span class="rdf-footer-link__separator" aria-hidden="true">&#8226;</span><a href="https://www.rewe.de/service/hinweise-elektro-elektronikgeraetegesetz/" class="rdf-link">Hinweis auf ElektroG</a></span><span class="rdf-footer-link"><span class="rdf-footer-link__separator" aria-hidden="true">&#8226;</span><form method="POST" action="/api/prg" class="rdf-prg-form"><input type="hidden" name="redirectUrl" value="aHR0cHM6Ly93d3cucmV3ZS5kZS9zZXJ2aWNlL2tvbmZvcm1pdGFldHNlcmtsYWVydW5nLw=="><button type="submit" class="rdf-link" role="link">Konformitätserklärungen</button></form></span></div></div><div class="rdf-footer-grid-area-partner" aria-label="Partnerangebote"><div class="rdf-footer-partner rdf-footer-accordion"><h3 class="rdf-footer-accordion-heading">Partnerangebote
<img loading="lazy" class="rdf-footer-accordion-icon" alt src="https://shop.rewe-static.de/rewe-footer/7c1489ced4fe85089bb1e89f3477cca8d688ee64/img/icon-chevron-down.svg" width="24px" height="24px" aria-hidden="true"></h3><div class="rdf-footer-section-links"><span class="rdf-footer-link"><a href="https://www.rewe-reisen.de/home.html?ecid=ooh_rewe_partnerlink_rewe-de_2upd-rewe-lh_nat-link-footer_all_nn_nn-nn-nn_nn" class="rdf-link" target="_blank" rel="noreferrer noopener">REWE Reisen</a></span><span class="rdf-footer-link"><span class="rdf-footer-link__separator" aria-hidden="true">&#8226;</span><a href="https://togo.rewe.de/" class="rdf-link" target="_blank" rel="noreferrer noopener">REWE To Go</a></span><span class="rdf-footer-link"><span class="rdf-footer-link__separator" aria-hidden="true">&#8226;</span><a href="https://kartenwelt.rewe.de/?pk_campaign=Startseite_REWE" class="rdf-link" target="_blank" rel="noreferrer noopener">REWE Kartenwelt</a></span><span class="rdf-footer-link"><span class="rdf-footer-link__separator" aria-hidden="true">&#8226;</span><a href="https://www.weinfreunde.de/" class="rdf-link" target="_blank" rel="noreferrer noopener">Weinfreunde</a></span><span class="rdf-footer-link"><span class="rdf-footer-link__separator" aria-hidden="true">&#8226;</span><a href="http://www.zooroyal.de/" class="rdf-link" target="_blank" rel="noreferrer noopener">ZooRoyal</a></span><span class="rdf-footer-link"><span class="rdf-footer-link__separator" aria-hidden="true">&#8226;</span><a href="https://www.koelner-weinkeller.de/" class="rdf-link" target="_blank" rel="noreferrer noopener">Kölner Weinkeller</a></span></div></div></div></div><div class="rdf-footer-footnotes" aria-label="Fußnotentext"><div class="rdf-footer-footnotes__bio"><img loading="lazy" alt="EU-Bio-Siegel" src="https://shop.rewe-static.de/rewe-footer/7c1489ced4fe85089bb1e89f3477cca8d688ee64/img/bio-logo-only.svg" width="73" height="48.156" aria-hidden="true"><a href="https://shop.rewe-static.de/rewe-footer/7c1489ced4fe85089bb1e89f3477cca8d688ee64/documents/REWE_Markt_GmbH_BIO-Zertifikat_1-24.pdf" alt="Bio Zertifikat PDF" target="_blank" rel="noreferrer noopener"> Bio-Zertifizierung <br/> DE-ÖKO-006
</a></div></div></div></footer><script>
            performance.mark('@REWE_FOOTER_end');
            performance.measure('@REWE_FOOTER_duration', '@REWE_FOOTER_start', '@REWE_FOOTER_end');
        </script></div><div><textarea class="pdr-add-to-cart-template" style="display: none"><meso-data id="b08d762c-2441-462c-86aa-b40f1e976b0b" data-amount="1" data-favorite-url="http://rewe-shopping-list-service/views/add-to-shoppinglist-button" data-listingid="@@data-meso-listingid@@" data-productid="@@data-meso-productid@@"><!-- FIXME include bubble only once --><div class="bs_add2cart_container"><div class="bs_shopping_list_wrapper"><div class="lrms-favorite-button-container"></div><script type="application/json" class="favoritebutton-propstore">{"additionalUiData":{"assetBaseUrl":"https://shop.rewe-static.de/rewe-myproducts/b0c5748b220aaf8bd2a2aed167bba4ca9b3027d0","staticAssetBaseUrl":"https://shop.rewe-static.de/rewe-myproducts","favoritesBaseUrl":"/api/favorites","anonymousFavoritesBaseUrl":"/api/anonymousfavorites"},"testgroups":["prefilled-basket-myproducts"],"togglz":[]}</script><!-- //NOSONAR --><!-- //NOSONAR --></div><div class="bs_amount-handler bs_add2cart bs_amount-zero" data-is-initialized="false"><button class="basket-button bs_amount-minus basket_ripple" disabled></button><input type="number" pattern="[0-9]*" value="0" class="basket-input bs_amount-input"
                               autocomplete="off"><button class="basket-button bs_amount-plus basket_ripple"
                                aria-label="Produkt zum Warenkorb hinzufügen"></button></div></div><script type="text/javascript">
                    if (!window.ReweBasket) {
                        window.ReweBasket = {}
                    }
                </script><script type="text/javascript">
                    (function () {
                      var event = 'basket:addToBasketbuttonV2Render';
                      var customEvent;
                      var data = {};
                      if (typeof CustomEvent === 'function') {
                          customEvent = new CustomEvent(event, {detail: data});
                      } else {
                          customEvent = document.createEvent('CustomEvent');
                          customEvent.initCustomEvent(event, false, false, data);
                      }
                      document.dispatchEvent(customEvent);
                    })();
                </script></meso-data></textarea><script type="application/json" id="pdr-internaldata-propstore">{"includeUrls":{"basketIncludeUrl":"http://rewe-basket/ui/add-to-basket-button-v2","favoriteIncludeUrl":"http://rewe-myproducts/ui/favorite-button?customerUUID=981a15fb-f1f3-4ee2-adda-89e99b2b7d92","selectLocationIncludeUrl":"http://market-chooser/ui/market-chooser-button","tileIncludeUrl":"http://product-details-renderer/ui/@@type@@/@@id@@?context=null&serviceTypes=DELIVERY"},"tilesDataUrl":"/api/product-tiles?@@ids@@&context=tile&serviceTypes=DELIVERY","context":null,"trackingPosition":null,"trackingContextName":null,"appearance":"vertical","productType":"default","checkoutConstrains":false,"testGroups":["address-optional-salutation","checkout-display-showroom-ad","cmp3","eas-new-be","mengenrabattierung","new-navigation-tracking","newEAS","offer-details-tracking","payback-card-change","payback-ecoupon-api","payback-evoucher","payback-rewe-newsletter","payback-targeted-bonus-coupon","payback-targeted-burn","pester-power-items","pp-rewe-ebon","pp-rewe-ebon-deactivate","prefilled-basket-myproducts","productlist-gam-sizes-2024","rewe-sso","sy-rewe-ebon","wookiees-pickup-page"],"serviceTypes":["DELIVERY"],"marketCode":"231011","isLoggedIn":true}</script></div></div></div><script id="__NEXT_DATA__" type="application/json">{"props":{"pageProps":{"model":{"type":"SEARCH_RESULT","search":{"term":"*","sorting":"RELEVANCE_DESC","autoCorrect":{"originalSearchTerm":"*"},"marketCode":"231011","serviceTypes":["DELIVERY"],"selectedFacets":{"category":["Fleisch \u0026 Fisch"]},"customerUUID":"981a15fb-f1f3-4ee2-adda-89e99b2b7d92","locale":"de-DE","debugMode":false,"activeCategorySlug":"fleisch-fisch"},"pagination":{"page":1,"totalPages":15,"objectsPerPage":40,"totalResultCount":585},"facets":[{"name":"CATEGORY","label":"Kategorien","displayType":"NAV","facetConstraints":[{"name":"Fleisch \u0026 Fisch","label":"Fleisch \u0026 Fisch","count":585,"applied":true,"facetFilterQuery":"category=Fleisch%20%26%20Fisch","slug":"fleisch-fisch","isMaskedLink":false,"subFacetConstraints":[{"name":"Wurst \u0026 Aufschnitt","label":"Wurst \u0026 Aufschnitt","count":318,"applied":false,"facetFilterQuery":"category=Fleisch%20%26%20Fisch/Wurst%20%26%20Aufschnitt","slug":"wurst-aufschnitt","isMaskedLink":false},{"name":"Fisch \u0026 Meeresfrüchte","label":"Fisch \u0026 Meeresfrüchte","count":42,"applied":false,"facetFilterQuery":"category=Fleisch%20%26%20Fisch/Fisch%20%26%20Meeresfr%C3%BCchte","slug":"fisch-meeresfruechte","isMaskedLink":false},{"name":"Fleisch","label":"Fleisch","count":125,"applied":false,"facetFilterQuery":"category=Fleisch%20%26%20Fisch/Fleisch","slug":"fleisch","isMaskedLink":false},{"name":"Fleischalternativen","label":"Fleischalternativen","count":109,"applied":false,"facetFilterQuery":"category=Fleisch%20%26%20Fisch/Fleischalternativen","slug":"fleischalternativen","isMaskedLink":false}]}],"parameterNames":{"type":"SINGLE","name":"categorySlug"}},{"name":"ATTRIBUTE","label":"Eigenschaften","displayType":"SIMPLE","resetFacetFilterGroupQuery":"category=Fleisch%20%26%20Fisch","facetConstraints":[{"name":"discounted","label":"Angebote","count":22,"applied":false,"facetFilterQuery":"category=Fleisch%20%26%20Fisch\u0026attribute=discounted","isMaskedLink":false},{"name":"organic","label":"Bio","count":122,"applied":false,"facetFilterQuery":"category=Fleisch%20%26%20Fisch\u0026attribute=organic","isMaskedLink":false},{"name":"glutenfree","label":"Glutenfrei","count":4,"applied":false,"facetFilterQuery":"category=Fleisch%20%26%20Fisch\u0026attribute=glutenfree","isMaskedLink":false},{"name":"lactosefree","label":"Laktosefrei","count":87,"applied":false,"facetFilterQuery":"category=Fleisch%20%26%20Fisch\u0026attribute=lactosefree","isMaskedLink":false},{"name":"bulk-discounted","label":"Mengenrabatt","count":168,"applied":false,"facetFilterQuery":"category=Fleisch%20%26%20Fisch\u0026attribute=bulk-discounted","isMaskedLink":false},{"name":"new","label":"Neu","count":9,"applied":false,"facetFilterQuery":"category=Fleisch%20%26%20Fisch\u0026attribute=new","isMaskedLink":false},{"name":"regional","label":"Regional","count":70,"applied":false,"facetFilterQuery":"category=Fleisch%20%26%20Fisch\u0026attribute=regional","isMaskedLink":false},{"name":"vegan","label":"Vegan","count":103,"applied":false,"facetFilterQuery":"category=Fleisch%20%26%20Fisch\u0026attribute=vegan","isMaskedLink":false},{"name":"vegetarian","label":"Vegetarisch","count":92,"applied":false,"facetFilterQuery":"category=Fleisch%20%26%20Fisch\u0026attribute=vegetarian","isMaskedLink":false}],"parameterNames":{"type":"SINGLE","name":"attribute"}},{"name":"BRAND","label":"Marken","displayType":"FILTER","resetFacetFilterGroupQuery":"category=Fleisch%20%26%20Fisch","facetConstraints":[{"name":"ja!","label":"ja!","count":76,"applied":false,"facetFilterQuery":"category=Fleisch%20%26%20Fisch\u0026brand=ja!","isMaskedLink":false},{"name":"REWE Regional","label":"REWE Regional","count":22,"applied":false,"facetFilterQuery":"category=Fleisch%20%26%20Fisch\u0026brand=REWE%20Regional","isMaskedLink":false},{"name":"REWE Beste Wahl","label":"REWE Beste Wahl","count":24,"applied":false,"facetFilterQuery":"category=Fleisch%20%26%20Fisch\u0026brand=REWE%20Beste%20Wahl","isMaskedLink":false},{"name":"REWE Bio","label":"REWE Bio","count":74,"applied":false,"facetFilterQuery":"category=Fleisch%20%26%20Fisch\u0026brand=REWE%20Bio","isMaskedLink":false},{"name":"REWE Feine Welt","label":"REWE Feine Welt","count":22,"applied":false,"facetFilterQuery":"category=Fleisch%20%26%20Fisch\u0026brand=REWE%20Feine%20Welt","isMaskedLink":false},{"name":"Abraham","label":"Abraham","count":2,"applied":false,"facetFilterQuery":"category=Fleisch%20%26%20Fisch\u0026brand=Abraham","isMaskedLink":false},{"name":"Aoste","label":"Aoste","count":4,"applied":false,"facetFilterQuery":"category=Fleisch%20%26%20Fisch\u0026brand=Aoste","isMaskedLink":false},{"name":"Bauckhof","label":"Bauckhof","count":1,"applied":false,"facetFilterQuery":"category=Fleisch%20%26%20Fisch\u0026brand=Bauckhof","isMaskedLink":false},{"name":"Berger","label":"Berger","count":7,"applied":false,"facetFilterQuery":"category=Fleisch%20%26%20Fisch\u0026brand=Berger","isMaskedLink":false},{"name":"Bernard Matthews Oldenburg","label":"Bernard Matthews Oldenburg","count":2,"applied":false,"facetFilterQuery":"category=Fleisch%20%26%20Fisch\u0026brand=Bernard%20Matthews%20Oldenburg","isMaskedLink":false},{"name":"BettaF!sh","label":"BettaF!sh","count":4,"applied":false,"facetFilterQuery":"category=Fleisch%20%26%20Fisch\u0026brand=BettaF!sh","isMaskedLink":false},{"name":"Beyond Meat","label":"Beyond Meat","count":4,"applied":false,"facetFilterQuery":"category=Fleisch%20%26%20Fisch\u0026brand=Beyond%20Meat","isMaskedLink":false},{"name":"BiFi","label":"BiFi","count":7,"applied":false,"facetFilterQuery":"category=Fleisch%20%26%20Fisch\u0026brand=BiFi","isMaskedLink":false},{"name":"Billie Green","label":"Billie Green","count":7,"applied":false,"facetFilterQuery":"category=Fleisch%20%26%20Fisch\u0026brand=Billie%20Green","isMaskedLink":false},{"name":"Biometzgerei Pichler","label":"Biometzgerei Pichler","count":18,"applied":false,"facetFilterQuery":"category=Fleisch%20%26%20Fisch\u0026brand=Biometzgerei%20Pichler","isMaskedLink":false},{"name":"biozentrale","label":"biozentrale","count":2,"applied":false,"facetFilterQuery":"category=Fleisch%20%26%20Fisch\u0026brand=biozentrale","isMaskedLink":false},{"name":"Block House","label":"Block House","count":1,"applied":false,"facetFilterQuery":"category=Fleisch%20%26%20Fisch\u0026brand=Block%20House","isMaskedLink":false},{"name":"Butcher's Burger","label":"Butcher's Burger","count":3,"applied":false,"facetFilterQuery":"category=Fleisch%20%26%20Fisch\u0026brand=Butcher's%20Burger","isMaskedLink":false},{"name":"Butchers","label":"Butchers","count":2,"applied":false,"facetFilterQuery":"category=Fleisch%20%26%20Fisch\u0026brand=Butchers","isMaskedLink":false},{"name":"Campofrio","label":"Campofrio","count":3,"applied":false,"facetFilterQuery":"category=Fleisch%20%26%20Fisch\u0026brand=Campofrio","isMaskedLink":false},{"name":"Casa Modena","label":"Casa Modena","count":2,"applied":false,"facetFilterQuery":"category=Fleisch%20%26%20Fisch\u0026brand=Casa%20Modena","isMaskedLink":false},{"name":"Citterio","label":"Citterio","count":2,"applied":false,"facetFilterQuery":"category=Fleisch%20%26%20Fisch\u0026brand=Citterio","isMaskedLink":false},{"name":"Davert","label":"Davert","count":2,"applied":false,"facetFilterQuery":"category=Fleisch%20%26%20Fisch\u0026brand=Davert","isMaskedLink":false},{"name":"Deutsche See","label":"Deutsche See","count":5,"applied":false,"facetFilterQuery":"category=Fleisch%20%26%20Fisch\u0026brand=Deutsche%20See","isMaskedLink":false},{"name":"Die Thüringer","label":"Die Thüringer","count":1,"applied":false,"facetFilterQuery":"category=Fleisch%20%26%20Fisch\u0026brand=Die%20Th%C3%BCringer","isMaskedLink":false},{"name":"El Pozo","label":"El Pozo","count":1,"applied":false,"facetFilterQuery":"category=Fleisch%20%26%20Fisch\u0026brand=El%20Pozo","isMaskedLink":false},{"name":"endori","label":"endori","count":2,"applied":false,"facetFilterQuery":"category=Fleisch%20%26%20Fisch\u0026brand=endori","isMaskedLink":false},{"name":"Feinkost Dittmann","label":"Feinkost Dittmann","count":1,"applied":false,"facetFilterQuery":"category=Fleisch%20%26%20Fisch\u0026brand=Feinkost%20Dittmann","isMaskedLink":false},{"name":"Ferdi Fuchs","label":"Ferdi Fuchs","count":3,"applied":false,"facetFilterQuery":"category=Fleisch%20%26%20Fisch\u0026brand=Ferdi%20Fuchs","isMaskedLink":false},{"name":"Froh Natur","label":"Froh Natur","count":1,"applied":false,"facetFilterQuery":"category=Fleisch%20%26%20Fisch\u0026brand=Froh%20Natur","isMaskedLink":false},{"name":"Frosta","label":"Frosta","count":1,"applied":false,"facetFilterQuery":"category=Fleisch%20%26%20Fisch\u0026brand=Frosta","isMaskedLink":false},{"name":"Garden Gourmet","label":"Garden Gourmet","count":4,"applied":false,"facetFilterQuery":"category=Fleisch%20%26%20Fisch\u0026brand=Garden%20Gourmet","isMaskedLink":false},{"name":"Gazi","label":"Gazi","count":1,"applied":false,"facetFilterQuery":"category=Fleisch%20%26%20Fisch\u0026brand=Gazi","isMaskedLink":false},{"name":"Gmyrek","label":"Gmyrek","count":1,"applied":false,"facetFilterQuery":"category=Fleisch%20%26%20Fisch\u0026brand=Gmyrek","isMaskedLink":false},{"name":"Green Excellence","label":"Green Excellence","count":2,"applied":false,"facetFilterQuery":"category=Fleisch%20%26%20Fisch\u0026brand=Green%20Excellence","isMaskedLink":false},{"name":"GREENFORCE","label":"GREENFORCE","count":4,"applied":false,"facetFilterQuery":"category=Fleisch%20%26%20Fisch\u0026brand=GREENFORCE","isMaskedLink":false},{"name":"Gutfried","label":"Gutfried","count":10,"applied":false,"facetFilterQuery":"category=Fleisch%20%26%20Fisch\u0026brand=Gutfried","isMaskedLink":false},{"name":"Handl Tyrol","label":"Handl Tyrol","count":2,"applied":false,"facetFilterQuery":"category=Fleisch%20%26%20Fisch\u0026brand=Handl%20Tyrol","isMaskedLink":false},{"name":"Heidemetzger","label":"Heidemetzger","count":1,"applied":false,"facetFilterQuery":"category=Fleisch%20%26%20Fisch\u0026brand=Heidemetzger","isMaskedLink":false},{"name":"Herta","label":"Herta","count":11,"applied":false,"facetFilterQuery":"category=Fleisch%20%26%20Fisch\u0026brand=Herta","isMaskedLink":false},{"name":"Houdek","label":"Houdek","count":1,"applied":false,"facetFilterQuery":"category=Fleisch%20%26%20Fisch\u0026brand=Houdek","isMaskedLink":false},{"name":"I Deliziosi","label":"I Deliziosi","count":1,"applied":false,"facetFilterQuery":"category=Fleisch%20%26%20Fisch\u0026brand=I%20Deliziosi","isMaskedLink":false},{"name":"Jack Link's","label":"Jack Link's","count":1,"applied":false,"facetFilterQuery":"category=Fleisch%20%26%20Fisch\u0026brand=Jack%20Link's","isMaskedLink":false},{"name":"Kalnik","label":"Kalnik","count":2,"applied":false,"facetFilterQuery":"category=Fleisch%20%26%20Fisch\u0026brand=Kalnik","isMaskedLink":false},{"name":"Krone","label":"Krone","count":4,"applied":false,"facetFilterQuery":"category=Fleisch%20%26%20Fisch\u0026brand=Krone","isMaskedLink":false},{"name":"Kugler","label":"Kugler","count":1,"applied":false,"facetFilterQuery":"category=Fleisch%20%26%20Fisch\u0026brand=Kugler","isMaskedLink":false},{"name":"Kupfer","label":"Kupfer","count":1,"applied":false,"facetFilterQuery":"category=Fleisch%20%26%20Fisch\u0026brand=Kupfer","isMaskedLink":false},{"name":"LikeMeat","label":"LikeMeat","count":6,"applied":false,"facetFilterQuery":"category=Fleisch%20%26%20Fisch\u0026brand=LikeMeat","isMaskedLink":false},{"name":"Lotao","label":"Lotao","count":3,"applied":false,"facetFilterQuery":"category=Fleisch%20%26%20Fisch\u0026brand=Lotao","isMaskedLink":false},{"name":"Mehlig \u0026 Heller","label":"Mehlig \u0026 Heller","count":1,"applied":false,"facetFilterQuery":"category=Fleisch%20%26%20Fisch\u0026brand=Mehlig%20%26%20Heller","isMaskedLink":false},{"name":"Meica","label":"Meica","count":4,"applied":false,"facetFilterQuery":"category=Fleisch%20%26%20Fisch\u0026brand=Meica","isMaskedLink":false},{"name":"Meisterklasse","label":"Meisterklasse","count":3,"applied":false,"facetFilterQuery":"category=Fleisch%20%26%20Fisch\u0026brand=Meisterklasse","isMaskedLink":false},{"name":"Nadler","label":"Nadler","count":2,"applied":false,"facetFilterQuery":"category=Fleisch%20%26%20Fisch\u0026brand=Nadler","isMaskedLink":false},{"name":"Nature \u0026 Respect","label":"Nature \u0026 Respect","count":2,"applied":false,"facetFilterQuery":"category=Fleisch%20%26%20Fisch\u0026brand=Nature%20%26%20Respect","isMaskedLink":false},{"name":"Nordsee","label":"Nordsee","count":1,"applied":false,"facetFilterQuery":"category=Fleisch%20%26%20Fisch\u0026brand=Nordsee","isMaskedLink":false},{"name":"Pick","label":"Pick","count":2,"applied":false,"facetFilterQuery":"category=Fleisch%20%26%20Fisch\u0026brand=Pick","isMaskedLink":false},{"name":"planted.","label":"planted.","count":3,"applied":false,"facetFilterQuery":"category=Fleisch%20%26%20Fisch\u0026brand=planted.","isMaskedLink":false},{"name":"Ponnath","label":"Ponnath","count":3,"applied":false,"facetFilterQuery":"category=Fleisch%20%26%20Fisch\u0026brand=Ponnath","isMaskedLink":false},{"name":"Popp","label":"Popp","count":4,"applied":false,"facetFilterQuery":"category=Fleisch%20%26%20Fisch\u0026brand=Popp","isMaskedLink":false},{"name":"Reinert","label":"Reinert","count":4,"applied":false,"facetFilterQuery":"category=Fleisch%20%26%20Fisch\u0026brand=Reinert","isMaskedLink":false},{"name":"Rügenwalder Mühle","label":"Rügenwalder Mühle","count":31,"applied":false,"facetFilterQuery":"category=Fleisch%20%26%20Fisch\u0026brand=R%C3%BCgenwalder%20M%C3%BChle","isMaskedLink":false},{"name":"Saupiquet","label":"Saupiquet","count":1,"applied":false,"facetFilterQuery":"category=Fleisch%20%26%20Fisch\u0026brand=Saupiquet","isMaskedLink":false},{"name":"Steinhaus","label":"Steinhaus","count":2,"applied":false,"facetFilterQuery":"category=Fleisch%20%26%20Fisch\u0026brand=Steinhaus","isMaskedLink":false},{"name":"The Vegetarian Butcher","label":"The Vegetarian Butcher","count":7,"applied":false,"facetFilterQuery":"category=Fleisch%20%26%20Fisch\u0026brand=The%20Vegetarian%20Butcher","isMaskedLink":false},{"name":"Tillman's","label":"Tillman's","count":1,"applied":false,"facetFilterQuery":"category=Fleisch%20%26%20Fisch\u0026brand=Tillman's","isMaskedLink":false},{"name":"Tukan","label":"Tukan","count":4,"applied":false,"facetFilterQuery":"category=Fleisch%20%26%20Fisch\u0026brand=Tukan","isMaskedLink":false},{"name":"Tulip","label":"Tulip","count":2,"applied":false,"facetFilterQuery":"category=Fleisch%20%26%20Fisch\u0026brand=Tulip","isMaskedLink":false},{"name":"Valess","label":"Valess","count":3,"applied":false,"facetFilterQuery":"category=Fleisch%20%26%20Fisch\u0026brand=Valess","isMaskedLink":false},{"name":"Vantastic Foods","label":"Vantastic Foods","count":1,"applied":false,"facetFilterQuery":"category=Fleisch%20%26%20Fisch\u0026brand=Vantastic%20Foods","isMaskedLink":false},{"name":"Veganz","label":"Veganz","count":1,"applied":false,"facetFilterQuery":"category=Fleisch%20%26%20Fisch\u0026brand=Veganz","isMaskedLink":false},{"name":"Veggy Friends","label":"Veggy Friends","count":3,"applied":false,"facetFilterQuery":"category=Fleisch%20%26%20Fisch\u0026brand=Veggy%20Friends","isMaskedLink":false},{"name":"Vinzenzmurr","label":"Vinzenzmurr","count":17,"applied":false,"facetFilterQuery":"category=Fleisch%20%26%20Fisch\u0026brand=Vinzenzmurr","isMaskedLink":false},{"name":"Vivera","label":"Vivera","count":2,"applied":false,"facetFilterQuery":"category=Fleisch%20%26%20Fisch\u0026brand=Vivera","isMaskedLink":false},{"name":"Wiesbauer","label":"Wiesbauer","count":2,"applied":false,"facetFilterQuery":"category=Fleisch%20%26%20Fisch\u0026brand=Wiesbauer","isMaskedLink":false},{"name":"Wiesenhof","label":"Wiesenhof","count":5,"applied":false,"facetFilterQuery":"category=Fleisch%20%26%20Fisch\u0026brand=Wiesenhof","isMaskedLink":false},{"name":"Wilhelm Brandenburg","label":"Wilhelm Brandenburg","count":62,"applied":false,"facetFilterQuery":"category=Fleisch%20%26%20Fisch\u0026brand=Wilhelm%20Brandenburg","isMaskedLink":false},{"name":"Wiltmann","label":"Wiltmann","count":16,"applied":false,"facetFilterQuery":"category=Fleisch%20%26%20Fisch\u0026brand=Wiltmann","isMaskedLink":false},{"name":"Wolf","label":"Wolf","count":4,"applied":false,"facetFilterQuery":"category=Fleisch%20%26%20Fisch\u0026brand=Wolf","isMaskedLink":false},{"name":"Yayla","label":"Yayla","count":1,"applied":false,"facetFilterQuery":"category=Fleisch%20%26%20Fisch\u0026brand=Yayla","isMaskedLink":false},{"name":"Zimbo","label":"Zimbo","count":2,"applied":false,"facetFilterQuery":"category=Fleisch%20%26%20Fisch\u0026brand=Zimbo","isMaskedLink":false},{"name":"Zimmermann","label":"Zimmermann","count":1,"applied":false,"facetFilterQuery":"category=Fleisch%20%26%20Fisch\u0026brand=Zimmermann","isMaskedLink":false}],"parameterNames":{"type":"SINGLE","name":"brand"}},{"name":"MERCHANT_NAME","label":"Anbieter","displayType":"FILTER","resetFacetFilterGroupQuery":"category=Fleisch%20%26%20Fisch","facetConstraints":[{"name":"REWE","label":"REWE","count":585,"applied":false,"facetFilterQuery":"category=Fleisch%20%26%20Fisch\u0026merchant=REWE","isMaskedLink":false}],"parameterNames":{"type":"SINGLE","name":"merchant"}},{"name":"TASTE_FOOD","label":"Schmeckt zu","displayType":"FILTER","resetFacetFilterGroupQuery":"category=Fleisch%20%26%20Fisch","parameterNames":{"type":"SINGLE","name":"tasteFood"}},{"name":"REUSABLE_CONTAINER","label":"Einweg/Mehrweg","displayType":"FILTER","resetFacetFilterGroupQuery":"category=Fleisch%20%26%20Fisch","parameterNames":{"type":"SINGLE","name":"reusableContainer"}},{"name":"PACKAGING","label":"Verpackung","displayType":"FILTER","resetFacetFilterGroupQuery":"category=Fleisch%20%26%20Fisch","parameterNames":{"type":"SINGLE","name":"packaging"}}],"_embedded":{"products":[{"id":"333139","nan":"333139","version":16,"productName":"REWE Bio Original Nürnberger Rostbratwürstchen 160g","attributes":{"tags":{"discounted":{"label":"Angebote"},"organic":{"label":"Bio"}}},"brand":{"name":"REWE Bio"},"media":{"images":[{"_links":{"self":{"href":"https://img.rewe-static.de/0333139/26083268_digital-image.png"}}}]},"_embedded":{"articles":[{"id":"4337256208628","version":164847,"gtin":"4337256208628","_embedded":{"listing":{"id":"13-4337256208628-rewe-online-services|48466001-231011","version":1200011,"pricing":{"currentRetailPrice":299,"currency":"EUR","basePrice":1869,"baseUnit":{"KG":1},"discount":{"regularPrice":349,"discountRate":14,"validFrom":null,"validTo":"2024-04-20T00:00:00MESZ"},"grammage":"160g (1 kg = 18,69 €)"},"limitations":{"orderLimit":15}},"store":{"id":"rewe-online-services|48466001-231011","version":1000820},"merchant":{"id":"rewe-online-services","version":55048,"name":"REWE","type":"REWE","logo":"https://a.rewe-static.de/partnerlogos/rewe/REWE_mp.png"}}}],"categories":[{"id":"166","primary":false},{"id":"165","primary":false},{"id":"3680","primary":true}],"categoryPath":"Fleisch \u0026 Fisch/Wurst \u0026 Aufschnitt/Brüh- \u0026 Bratwurst/"},"hasVariants":false,"hasDiverseVariantPrices":false,"shouldDetailsLinkBeMasked":false,"freeShipping":false,"_links":{"detail":{"href":"/p/rewe-bio-original-nuernberger-rostbratwuerstchen-160g/333139"}}},{"id":"7776274","nan":"7776274","version":35,"productName":"The Vegetarian Butcher Chick-Eria Filets vegan 180g","attributes":{"tags":{"lactosefree":{"label":"Laktosefrei"},"vegan":{"label":"Vegan"},"vegetarian":{"label":"Vegetarisch"}}},"brand":{"name":"The Vegetarian Butcher"},"media":{"images":[{"_links":{"self":{"href":"https://img.rewe-static.de/7776274/36926707_digital-image.png"}}}]},"_embedded":{"articles":[{"id":"5M1SF0GI","version":344,"gtin":"8720182436627","_embedded":{"listing":{"id":"8-5M1SF0GI-rewe-online-services|48466001-231011","version":1200019,"pricing":{"currentRetailPrice":349,"currency":"EUR","basePrice":1939,"baseUnit":{"KG":1},"grammage":"180g (1 kg = 19,39 €)"},"limitations":{"orderLimit":99}},"store":{"id":"rewe-online-services|48466001-231011","version":1000820},"merchant":{"id":"rewe-online-services","version":55048,"name":"REWE","type":"REWE","logo":"https://a.rewe-static.de/partnerlogos/rewe/REWE_mp.png"}}}],"categories":[{"id":"3499","primary":false},{"id":"3206","primary":false},{"id":"3670","primary":false},{"id":"3672","primary":false},{"id":"3680","primary":false},{"id":"3666","primary":true}],"categoryPath":"Fleisch \u0026 Fisch/Fleischalternativen/Veggie-Filets \u0026 -Geschnetzeltes/"},"hasVariants":false,"hasDiverseVariantPrices":false,"shouldDetailsLinkBeMasked":false,"freeShipping":false,"_links":{"detail":{"href":"/p/the-vegetarian-butcher-chick-eria-filets-vegan-180g/7776274"}},"advertisement":{"source":"CITRUSAD","id":"display_iQ4suoROPuSuFoh-XS_Y0kJJMPMKCQoHNzc3NjI3NBIAGgwIt4-LsQYQ2-CYwwMiAggB"},"hideInView":"generic"},{"id":"8523840","nan":"8523840","version":65,"productName":"The Vegetarian Butcher Veganes Hick-Hack-Hurra 180g","attributes":{"tags":{"lactosefree":{"label":"Laktosefrei"},"vegan":{"label":"Vegan"},"vegetarian":{"label":"Vegetarisch"}}},"brand":{"name":"The Vegetarian Butcher"},"media":{"images":[{"_links":{"self":{"href":"https://img.rewe-static.de/8523840/31812000_digital-image.png"}}}]},"_embedded":{"articles":[{"id":"8710522887165","version":69620,"gtin":"8710522887165","_embedded":{"listing":{"id":"13-8710522887165-rewe-online-services|48466001-231011","version":1200020,"pricing":{"currentRetailPrice":329,"currency":"EUR","basePrice":1828,"baseUnit":{"KG":1},"grammage":"180g (1 kg = 18,28 €)"},"limitations":{"orderLimit":99}},"store":{"id":"rewe-online-services|48466001-231011","version":1000820},"merchant":{"id":"rewe-online-services","version":55048,"name":"REWE","type":"REWE","logo":"https://a.rewe-static.de/partnerlogos/rewe/REWE_mp.png"}}}],"categories":[{"id":"3498","primary":false},{"id":"3206","primary":false},{"id":"3670","primary":false},{"id":"3680","primary":false},{"id":"3666","primary":true}],"categoryPath":"Fleisch \u0026 Fisch/Fleischalternativen/Veggie-Hack/"},"hasVariants":false,"hasDiverseVariantPrices":false,"shouldDetailsLinkBeMasked":false,"freeShipping":false,"_links":{"detail":{"href":"/p/the-vegetarian-butcher-veganes-hick-hack-hurra-180g/8523840"}},"advertisement":{"source":"CITRUSAD","id":"display_-VYeOGjiHOHuSKvGntkR5EDzLFYKCQoHODUyMzg0MBIAGgwIt4-LsQYQt5mZwwMiAggB"},"hideInView":"generic"},{"id":"135750","nan":"135750","version":30,"productName":"REWE Beste Wahl Delikatess-Gourmetsalami 80g","attributes":{"tags":{"discounted":{"label":"Angebote"}}},"brand":{"name":"REWE Beste Wahl"},"media":{"images":[{"_links":{"self":{"href":"https://img.rewe-static.de/0135750/20796792_digital-image.png"}}}]},"_embedded":{"articles":[{"id":"UKGG3X00","version":133933,"gtin":"4337256409858","_embedded":{"listing":{"id":"8-UKGG3X00-rewe-online-services|48466001-231011","version":1200015,"pricing":{"currentRetailPrice":159,"currency":"EUR","basePrice":1988,"baseUnit":{"KG":1},"discount":{"regularPrice":189,"discountRate":15,"validFrom":null,"validTo":"2024-04-20T00:00:00MESZ"},"grammage":"80g (1 kg = 19,88 €)"},"limitations":{"orderLimit":15}},"store":{"id":"rewe-online-services|48466001-231011","version":1000820},"merchant":{"id":"rewe-online-services","version":55048,"name":"REWE","type":"REWE","logo":"https://a.rewe-static.de/partnerlogos/rewe/REWE_mp.png"}}}],"categories":[{"id":"172","primary":false},{"id":"165","primary":false},{"id":"3680","primary":true}],"categoryPath":"Fleisch \u0026 Fisch/Wurst \u0026 Aufschnitt/Salami \u0026 Paprikawurst/"},"hasVariants":false,"hasDiverseVariantPrices":false,"shouldDetailsLinkBeMasked":false,"freeShipping":false,"_links":{"detail":{"href":"/p/rewe-beste-wahl-delikatess-gourmetsalami-80g/135750"}}},{"id":"8635566","nan":"8635566","version":83,"productName":"The Vegetarian Butcher Crispy Chickimicki Burger vegan 180g","attributes":{"tags":{"discounted":{"label":"Angebote"},"lactosefree":{"label":"Laktosefrei"},"vegan":{"label":"Vegan"},"vegetarian":{"label":"Vegetarisch"}}},"brand":{"name":"The Vegetarian Butcher"},"media":{"images":[{"_links":{"self":{"href":"https://img.rewe-static.de/8635566/34397448_digital-image.png"}}}]},"_embedded":{"articles":[{"id":"YV4ZAAU4","version":30512,"gtin":"8720182095206","_embedded":{"listing":{"id":"8-YV4ZAAU4-rewe-online-services|48466001-231011","version":1200027,"pricing":{"currentRetailPrice":279,"currency":"EUR","basePrice":1550,"baseUnit":{"KG":1},"discount":{"regularPrice":329,"discountRate":15,"validFrom":null,"validTo":"2024-04-20T00:00:00MESZ"},"grammage":"180g (1 kg = 15,50 €)"},"limitations":{"orderLimit":15}},"store":{"id":"rewe-online-services|48466001-231011","version":1000820},"merchant":{"id":"rewe-online-services","version":55048,"name":"REWE","type":"REWE","logo":"https://a.rewe-static.de/partnerlogos/rewe/REWE_mp.png"}}}],"categories":[{"id":"3494","primary":false},{"id":"3206","primary":false},{"id":"3669","primary":false},{"id":"3672","primary":false},{"id":"3792","primary":false},{"id":"3680","primary":false},{"id":"3666","primary":false},{"id":"3791","primary":true}],"categoryPath":"Fleisch \u0026 Fisch/Fleischalternativen/Veggie-Burger/"},"hasVariants":false,"hasDiverseVariantPrices":false,"shouldDetailsLinkBeMasked":false,"freeShipping":false,"_links":{"detail":{"href":"/p/the-vegetarian-butcher-crispy-chickimicki-burger-vegan-180g/8635566"}},"advertisement":{"source":"CITRUSAD","id":"display_ntFzrhAo8vRaTOAMoA-XWwx-Xo8KCQoHODYzNTU2NhIAGgwIt4-LsQYQ4cOXwwMiAggB"},"hideInView":"generic"},{"id":"8403429","nan":"8403429","version":72,"productName":"The Vegetarian Butcher Vegane Beflügel-Nuggets 180g","attributes":{"tags":{"lactosefree":{"label":"Laktosefrei"},"vegan":{"label":"Vegan"},"vegetarian":{"label":"Vegetarisch"}}},"brand":{"name":"The Vegetarian Butcher"},"media":{"images":[{"_links":{"self":{"href":"https://img.rewe-static.de/8403429/30699050_digital-image.png"}}}]},"_embedded":{"articles":[{"id":"8718692788190","version":178522,"gtin":"8718692788190","_embedded":{"listing":{"id":"13-8718692788190-rewe-online-services|48466001-231011","version":1200028,"pricing":{"currentRetailPrice":329,"currency":"EUR","basePrice":1828,"baseUnit":{"KG":1},"grammage":"180g (1 kg = 18,28 €)"},"limitations":{"orderLimit":99}},"store":{"id":"rewe-online-services|48466001-231011","version":1000820},"merchant":{"id":"rewe-online-services","version":55048,"name":"REWE","type":"REWE","logo":"https://a.rewe-static.de/partnerlogos/rewe/REWE_mp.png"}}}],"categories":[{"id":"3495","primary":false},{"id":"3206","primary":false},{"id":"3672","primary":false},{"id":"3680","primary":false},{"id":"3666","primary":true}],"categoryPath":"Fleisch \u0026 Fisch/Fleischalternativen/Veggie-Nuggets/"},"hasVariants":false,"hasDiverseVariantPrices":false,"shouldDetailsLinkBeMasked":false,"freeShipping":false,"_links":{"detail":{"href":"/p/the-vegetarian-butcher-vegane-befluegel-nuggets-180g/8403429"}},"advertisement":{"source":"CITRUSAD","id":"display_48LKAs-q1L6NPLCCAif8yZJ_uckKCQoHODQwMzQyORIAGgwIt4-LsQYQ2d6VwwMiAggB"},"hideInView":"generic"},{"id":"7937621","nan":"7937621","version":75,"productName":"The Vegetarian Butcher Vegane Chickeriki Streifen 160g","attributes":{"tags":{"lactosefree":{"label":"Laktosefrei"},"vegan":{"label":"Vegan"},"vegetarian":{"label":"Vegetarisch"}}},"brand":{"name":"The Vegetarian Butcher"},"media":{"images":[{"_links":{"self":{"href":"https://img.rewe-static.de/7937621/32516460_digital-image.png"}}}]},"_embedded":{"articles":[{"id":"8718692788107","version":97250,"gtin":"8718692788107","_embedded":{"listing":{"id":"13-8718692788107-rewe-online-services|48466001-231011","version":1200017,"pricing":{"currentRetailPrice":329,"currency":"EUR","basePrice":2056,"baseUnit":{"KG":1},"grammage":"160g (1 kg = 20,56 €)"},"limitations":{"orderLimit":99}},"store":{"id":"rewe-online-services|48466001-231011","version":1000820},"merchant":{"id":"rewe-online-services","version":55048,"name":"REWE","type":"REWE","logo":"https://a.rewe-static.de/partnerlogos/rewe/REWE_mp.png"}}}],"categories":[{"id":"3499","primary":false},{"id":"3206","primary":false},{"id":"3670","primary":false},{"id":"3680","primary":false},{"id":"3666","primary":true}],"categoryPath":"Fleisch \u0026 Fisch/Fleischalternativen/Veggie-Filets \u0026 -Geschnetzeltes/"},"hasVariants":false,"hasDiverseVariantPrices":false,"shouldDetailsLinkBeMasked":false,"freeShipping":false,"_links":{"detail":{"href":"/p/the-vegetarian-butcher-vegane-chickeriki-streifen-160g/7937621"}},"advertisement":{"source":"CITRUSAD","id":"display_xWjw6kIDW-h1vVOtCdYDi7PPx1cKCQoHNzkzNzYyMRIAGgwIt4-LsQYQmYiYwwMiAggB"},"hideInView":"generic"},{"id":"1287072","nan":"1287072","version":18,"productName":"REWE Bio Rinderhackfleisch 400g","attributes":{"tags":{"organic":{"label":"Bio"}}},"brand":{"name":"REWE Bio"},"media":{"images":[{"_links":{"self":{"href":"https://img.rewe-static.de/1287072/20464399_digital-image.png"}}}]},"_embedded":{"articles":[{"id":"4047334091744","version":158903,"gtin":"4047334091744","_embedded":{"listing":{"id":"13-4047334091744-rewe-online-services|48466001-231011","version":1200001,"pricing":{"currentRetailPrice":749,"currency":"EUR","basePrice":1873,"baseUnit":{"KG":1},"grammage":"400g (1 kg = 18,73 €)"},"limitations":{"orderLimit":99}},"store":{"id":"rewe-online-services|48466001-231011","version":1000820},"merchant":{"id":"rewe-online-services","version":55048,"name":"REWE","type":"REWE","logo":"https://a.rewe-static.de/partnerlogos/rewe/REWE_mp.png"}}}],"categories":[{"id":"220","primary":false},{"id":"212","primary":false},{"id":"206","primary":false},{"id":"3680","primary":true}],"categoryPath":"Fleisch \u0026 Fisch/Fleisch/Rindfleisch/"},"hasVariants":false,"hasDiverseVariantPrices":false,"shouldDetailsLinkBeMasked":false,"freeShipping":false,"_links":{"detail":{"href":"/p/rewe-bio-rinderhackfleisch-400g/1287072"}}},{"id":"8653611","nan":"8653611","version":69,"productName":"The Vegetarian Butcher Wie'n Schnitzel vegan 180g","attributes":{"tags":{"lactosefree":{"label":"Laktosefrei"},"vegan":{"label":"Vegan"},"vegetarian":{"label":"Vegetarisch"}}},"brand":{"name":"The Vegetarian Butcher"},"media":{"images":[{"_links":{"self":{"href":"https://img.rewe-static.de/8653611/34183234_digital-image.png"}}}]},"_embedded":{"articles":[{"id":"KNKKOE36","version":18135,"gtin":"8720182194053","_embedded":{"listing":{"id":"8-KNKKOE36-rewe-online-services|48466001-231011","version":1200024,"pricing":{"currentRetailPrice":329,"currency":"EUR","basePrice":1828,"baseUnit":{"KG":1},"grammage":"180g (1 kg = 18,28 €)"},"limitations":{"orderLimit":99}},"store":{"id":"rewe-online-services|48466001-231011","version":1000820},"merchant":{"id":"rewe-online-services","version":55048,"name":"REWE","type":"REWE","logo":"https://a.rewe-static.de/partnerlogos/rewe/REWE_mp.png"}}}],"categories":[{"id":"3496","primary":false},{"id":"3206","primary":false},{"id":"3670","primary":false},{"id":"3680","primary":false},{"id":"3666","primary":true}],"categoryPath":"Fleisch \u0026 Fisch/Fleischalternativen/Veggie-Schnitzel/"},"hasVariants":false,"hasDiverseVariantPrices":false,"shouldDetailsLinkBeMasked":false,"freeShipping":false,"_links":{"detail":{"href":"/p/the-vegetarian-butcher-wie-n-schnitzel-vegan-180g/8653611"}},"advertisement":{"source":"CITRUSAD","id":"display_NpEBs_8Z_-GRIr4teZOp5svOpuIKCQoHODY1MzYxMRIAGgwIt4-LsQYQm7aYwwMiAggB"},"hideInView":"generic"},{"id":"204042","nan":"204042","version":8,"productName":"REWE Bio Wiener Würstchen 200g","attributes":{"tags":{"organic":{"label":"Bio"}}},"brand":{"name":"REWE Bio"},"media":{"images":[{"_links":{"self":{"href":"https://img.rewe-static.de/0204042/3470510_digital-image.png"}}}]},"_embedded":{"articles":[{"id":"4388844008113","version":251910,"gtin":"4388844008113","_embedded":{"listing":{"id":"13-4388844008113-rewe-online-services|48466001-231011","version":1200002,"pricing":{"currentRetailPrice":329,"currency":"EUR","basePrice":1645,"baseUnit":{"KG":1},"tiers":[{"minimumQuantity":3,"price":312,"basePrice":{"value":1560,"measure":{"quantity":1,"uom":"KG"}},"discountRate":5,"grammage":"200g (1 kg = 15,60 €)"}],"grammage":"200g (1 kg = 16,45 €)"},"limitations":{"orderLimit":99}},"store":{"id":"rewe-online-services|48466001-231011","version":1000820},"merchant":{"id":"rewe-online-services","version":55048,"name":"REWE","type":"REWE","logo":"https://a.rewe-static.de/partnerlogos/rewe/REWE_mp.png"}}}],"categories":[{"id":"166","primary":false},{"id":"165","primary":false},{"id":"3680","primary":true}],"categoryPath":"Fleisch \u0026 Fisch/Wurst \u0026 Aufschnitt/Brüh- \u0026 Bratwurst/"},"hasVariants":false,"hasDiverseVariantPrices":false,"shouldDetailsLinkBeMasked":false,"freeShipping":false,"_links":{"detail":{"href":"/p/rewe-bio-wiener-wuerstchen-200g/204042"}}},{"id":"4277902","nan":"4277902","version":32,"productName":"Reinert Schinken-Nuggetz 3x50g","attributes":{},"brand":{"name":"Reinert"},"media":{"images":[{"_links":{"self":{"href":"https://img.rewe-static.de/4277902/2343970_digital-image.png"}}}]},"_embedded":{"articles":[{"id":"4006229690219","version":215592,"gtin":"4006229690219","_embedded":{"listing":{"id":"13-4006229690219-rewe-online-services|48466001-231011","version":1200009,"pricing":{"currentRetailPrice":299,"currency":"EUR","basePrice":1993,"baseUnit":{"KG":1},"tiers":[{"minimumQuantity":3,"price":284,"basePrice":{"value":1893,"measure":{"quantity":1,"uom":"KG"}},"discountRate":5,"grammage":"150g (1 kg = 18,93 €)"}],"grammage":"150g (1 kg = 19,93 €)"},"limitations":{"orderLimit":99}},"store":{"id":"rewe-online-services|48466001-231011","version":1000820},"merchant":{"id":"rewe-online-services","version":55048,"name":"REWE","type":"REWE","logo":"https://a.rewe-static.de/partnerlogos/rewe/REWE_mp.png"}}}],"categories":[{"id":"171","primary":false},{"id":"165","primary":false},{"id":"3680","primary":true}],"categoryPath":"Fleisch \u0026 Fisch/Wurst \u0026 Aufschnitt/Roher Schinken \u0026 Speck/"},"hasVariants":false,"hasDiverseVariantPrices":false,"shouldDetailsLinkBeMasked":false,"freeShipping":false,"_links":{"detail":{"href":"/p/reinert-schinken-nuggetz-3x50g/4277902"}}},{"id":"7848294","nan":"7848294","version":28,"productName":"REWE Bio Hähnchenbrustfilet 70g","attributes":{"tags":{"organic":{"label":"Bio"}}},"brand":{"name":"REWE Bio"},"media":{"images":[{"_links":{"self":{"href":"https://img.rewe-static.de/7848294/34779961_digital-image.png"}}}]},"_embedded":{"articles":[{"id":"LNCEXDA4","version":45519,"gtin":"4337256365062","_embedded":{"listing":{"id":"8-LNCEXDA4-rewe-online-services|48466001-231011","version":1200012,"pricing":{"currentRetailPrice":269,"currency":"EUR","basePrice":3843,"baseUnit":{"KG":1},"tiers":[{"minimumQuantity":3,"price":255,"basePrice":{"value":3643,"measure":{"quantity":1,"uom":"KG"}},"discountRate":5,"grammage":"70g (1 kg = 36,43 €)"}],"grammage":"70g (1 kg = 38,43 €)"},"limitations":{"orderLimit":99}},"store":{"id":"rewe-online-services|48466001-231011","version":1000820},"merchant":{"id":"rewe-online-services","version":55048,"name":"REWE","type":"REWE","logo":"https://a.rewe-static.de/partnerlogos/rewe/REWE_mp.png"}}}],"categories":[{"id":"170","primary":false},{"id":"207","primary":false},{"id":"165","primary":false},{"id":"206","primary":false},{"id":"209","primary":false},{"id":"3680","primary":true}],"categoryPath":"Fleisch \u0026 Fisch/Fleisch/Geflügelfleisch/Hühnerfleisch/"},"hasVariants":false,"hasDiverseVariantPrices":false,"shouldDetailsLinkBeMasked":false,"freeShipping":false,"_links":{"detail":{"href":"/p/rewe-bio-haehnchenbrustfilet-70g/7848294"}}},{"id":"2231617","nan":"2231617","version":23,"productName":"Ponnath Prosciutto Cotto 150g","attributes":{},"brand":{"name":"Ponnath"},"media":{"images":[{"_links":{"self":{"href":"https://img.rewe-static.de/2231617/23475456_digital-image.png"}}}]},"_embedded":{"articles":[{"id":"4000930585048","version":273681,"gtin":"4000930585048","_embedded":{"listing":{"id":"13-4000930585048-rewe-online-services|48466001-231011","version":1200003,"pricing":{"currentRetailPrice":299,"currency":"EUR","basePrice":1993,"baseUnit":{"KG":1},"tiers":[{"minimumQuantity":3,"price":284,"basePrice":{"value":1893,"measure":{"quantity":1,"uom":"KG"}},"discountRate":5,"grammage":"150g (1 kg = 18,93 €)"}],"grammage":"150g (1 kg = 19,93 €)"},"limitations":{"orderLimit":99}},"store":{"id":"rewe-online-services|48466001-231011","version":1000820},"merchant":{"id":"rewe-online-services","version":55048,"name":"REWE","type":"REWE","logo":"https://a.rewe-static.de/partnerlogos/rewe/REWE_mp.png"}}}],"categories":[{"id":"3798","primary":false},{"id":"165","primary":false},{"id":"3791","primary":false},{"id":"3680","primary":false},{"id":"170","primary":true}],"categoryPath":"Fleisch \u0026 Fisch/Wurst \u0026 Aufschnitt/Kochschinken \u0026 Braten/"},"hasVariants":false,"hasDiverseVariantPrices":false,"shouldDetailsLinkBeMasked":false,"freeShipping":false,"_links":{"detail":{"href":"/p/ponnath-prosciutto-cotto-150g/2231617"}}},{"id":"8731702","nan":"8731702","version":21,"productName":"REWE Regional Hähnchenbrustfilet 550g","attributes":{"tags":{"regional":{"label":"Regional"}}},"brand":{"name":"REWE Regional"},"media":{"images":[{"_links":{"self":{"href":"https://img.rewe-static.de/8731702/37248202_digital-image.png"}}}]},"_embedded":{"articles":[{"id":"6BMDHAQD","version":141,"gtin":"4337256421812","_embedded":{"listing":{"id":"8-6BMDHAQD-rewe-online-services|48466001-231011","version":1200003,"pricing":{"currentRetailPrice":699,"currency":"EUR","basePrice":1271,"baseUnit":{"KG":1},"grammage":"550g (1 kg = 12,71 €)"},"limitations":{"orderLimit":99}},"store":{"id":"rewe-online-services|48466001-231011","version":1000820},"merchant":{"id":"rewe-online-services","version":55048,"name":"REWE","type":"REWE","logo":"https://a.rewe-static.de/partnerlogos/rewe/REWE_mp.png"}}}],"categories":[{"id":"3779","primary":false},{"id":"206","primary":false},{"id":"3776","primary":false},{"id":"3680","primary":false},{"id":"209","primary":false},{"id":"218","primary":false},{"id":"207","primary":false},{"id":"216","primary":true}],"categoryPath":"Fleisch \u0026 Fisch/Fleisch/Geflügelfleisch/Hühnerfleisch/"},"hasVariants":false,"hasDiverseVariantPrices":false,"shouldDetailsLinkBeMasked":false,"freeShipping":false,"_links":{"detail":{"href":"/p/rewe-regional-haehnchenbrustfilet-550g/8731702"}}},{"id":"141114","nan":"141114","version":25,"productName":"REWE Beste Wahl Delikatess-Metzgerschinken 150g","attributes":{},"brand":{"name":"REWE Beste Wahl"},"media":{"images":[{"_links":{"self":{"href":"https://img.rewe-static.de/0141114/20251696_digital-image.png"}}}]},"_embedded":{"articles":[{"id":"C40R91U0","version":178774,"gtin":"4337256264921","_embedded":{"listing":{"id":"8-C40R91U0-rewe-online-services|48466001-231011","version":1200011,"pricing":{"currentRetailPrice":299,"currency":"EUR","basePrice":1993,"baseUnit":{"KG":1},"tiers":[{"minimumQuantity":3,"price":284,"basePrice":{"value":1893,"measure":{"quantity":1,"uom":"KG"}},"discountRate":5,"grammage":"150g (1 kg = 18,93 €)"}],"grammage":"150g (1 kg = 19,93 €)"},"limitations":{"orderLimit":99}},"store":{"id":"rewe-online-services|48466001-231011","version":1000820},"merchant":{"id":"rewe-online-services","version":55048,"name":"REWE","type":"REWE","logo":"https://a.rewe-static.de/partnerlogos/rewe/REWE_mp.png"}}}],"categories":[{"id":"170","primary":false},{"id":"165","primary":false},{"id":"3680","primary":true}],"categoryPath":"Fleisch \u0026 Fisch/Wurst \u0026 Aufschnitt/Kochschinken \u0026 Braten/"},"hasVariants":false,"hasDiverseVariantPrices":false,"shouldDetailsLinkBeMasked":false,"freeShipping":false,"_links":{"detail":{"href":"/p/rewe-beste-wahl-delikatess-metzgerschinken-150g/141114"}}},{"id":"206057","nan":"206057","version":24,"productName":"REWE Bio Salami 70g","attributes":{"tags":{"organic":{"label":"Bio"}}},"brand":{"name":"REWE Bio"},"media":{"images":[{"_links":{"self":{"href":"https://img.rewe-static.de/0206057/2052750_digital-image.png"}}}]},"_embedded":{"articles":[{"id":"4337256202992","version":179503,"gtin":"4337256202992","_embedded":{"listing":{"id":"13-4337256202992-rewe-online-services|48466001-231011","version":1200003,"pricing":{"currentRetailPrice":189,"currency":"EUR","basePrice":2700,"baseUnit":{"KG":1},"tiers":[{"minimumQuantity":3,"price":179,"basePrice":{"value":2557,"measure":{"quantity":1,"uom":"KG"}},"discountRate":5,"grammage":"70g (1 kg = 25,57 €)"}],"grammage":"70g (1 kg = 27 €)"},"limitations":{"orderLimit":99}},"store":{"id":"rewe-online-services|48466001-231011","version":1000820},"merchant":{"id":"rewe-online-services","version":55048,"name":"REWE","type":"REWE","logo":"https://a.rewe-static.de/partnerlogos/rewe/REWE_mp.png"}}}],"categories":[{"id":"172","primary":false},{"id":"165","primary":false},{"id":"3680","primary":true}],"categoryPath":"Fleisch \u0026 Fisch/Wurst \u0026 Aufschnitt/Salami \u0026 Paprikawurst/"},"hasVariants":false,"hasDiverseVariantPrices":false,"shouldDetailsLinkBeMasked":false,"freeShipping":false,"_links":{"detail":{"href":"/p/rewe-bio-salami-70g/206057"}}},{"id":"8766406","nan":"8766406","version":8,"productName":"REWE Regional Rinderhackfleisch 500g","attributes":{"tags":{"regional":{"label":"Regional"}}},"brand":{"name":"REWE Regional"},"media":{"images":[{"_links":{"self":{"href":"https://img.rewe-static.de/8766406/36713101_digital-image.png"}}}]},"_embedded":{"articles":[{"id":"2DD2FK51","version":69,"gtin":"4337256463621","_embedded":{"listing":{"id":"8-2DD2FK51-rewe-online-services|48466001-231011","version":1200002,"pricing":{"currentRetailPrice":598,"currency":"EUR","basePrice":1196,"baseUnit":{"KG":1},"grammage":"500g (1 kg = 11,96 €)"},"limitations":{"orderLimit":99}},"store":{"id":"rewe-online-services|48466001-231011","version":1000820},"merchant":{"id":"rewe-online-services","version":55048,"name":"REWE","type":"REWE","logo":"https://a.rewe-static.de/partnerlogos/rewe/REWE_mp.png"}}}],"categories":[{"id":"3779","primary":false},{"id":"206","primary":false},{"id":"3776","primary":false},{"id":"3680","primary":false},{"id":"220","primary":false},{"id":"212","primary":true}],"categoryPath":"Fleisch \u0026 Fisch/Fleisch/Rindfleisch/"},"hasVariants":false,"hasDiverseVariantPrices":false,"shouldDetailsLinkBeMasked":false,"freeShipping":false,"_links":{"detail":{"href":"/p/rewe-regional-rinderhackfleisch-500g/8766406"}}},{"id":"8730859","nan":"8730859","version":21,"productName":"REWE Regional Hähnchen Innenbrustfilet 350g","attributes":{"tags":{"regional":{"label":"Regional"}}},"brand":{"name":"REWE Regional"},"media":{"images":[{"_links":{"self":{"href":"https://img.rewe-static.de/8730859/36096759_digital-image.png"}}}]},"_embedded":{"articles":[{"id":"C5L5MGCR","version":301,"gtin":"4337256422284","_embedded":{"listing":{"id":"8-C5L5MGCR-rewe-online-services|48466001-231011","version":1000007,"pricing":{"currentRetailPrice":499,"currency":"EUR","basePrice":1426,"baseUnit":{"KG":1},"grammage":"350g (1 kg = 14,26 €)"},"limitations":{"orderLimit":99}},"store":{"id":"rewe-online-services|48466001-231011","version":1000820},"merchant":{"id":"rewe-online-services","version":55048,"name":"REWE","type":"REWE","logo":"https://a.rewe-static.de/partnerlogos/rewe/REWE_mp.png"}}}],"categories":[{"id":"3779","primary":false},{"id":"206","primary":false},{"id":"3776","primary":false},{"id":"3680","primary":false},{"id":"209","primary":false},{"id":"207","primary":true}],"categoryPath":"Fleisch \u0026 Fisch/Fleisch/Geflügelfleisch/Hühnerfleisch/"},"hasVariants":false,"hasDiverseVariantPrices":false,"shouldDetailsLinkBeMasked":false,"freeShipping":false,"_links":{"detail":{"href":"/p/rewe-regional-haehnchen-innenbrustfilet-350g/8730859"}}},{"id":"2909311","nan":"2909311","version":43,"productName":"Wolf Gelbwurst 100g","attributes":{},"brand":{"name":"Wolf"},"media":{"images":[{"_links":{"self":{"href":"https://img.rewe-static.de/2909311/25363222_digital-image.png"}}}]},"_embedded":{"articles":[{"id":"4013832370278","version":64648,"gtin":"4013832370278","_embedded":{"listing":{"id":"13-4013832370278-rewe-online-services|48466001-231011","version":1200019,"pricing":{"currentRetailPrice":149,"currency":"EUR","basePrice":1490,"baseUnit":{"KG":1},"tiers":[{"minimumQuantity":3,"price":141,"basePrice":{"value":1410,"measure":{"quantity":1,"uom":"KG"}},"discountRate":5,"grammage":"100g (1 kg = 14,10 €)"}],"grammage":"100g (1 kg = 14,90 €)"},"limitations":{"orderLimit":99}},"store":{"id":"rewe-online-services|48466001-231011","version":1000820},"merchant":{"id":"rewe-online-services","version":55048,"name":"REWE","type":"REWE","logo":"https://a.rewe-static.de/partnerlogos/rewe/REWE_mp.png"}}}],"categories":[{"id":"168","primary":false},{"id":"165","primary":false},{"id":"3680","primary":true}],"categoryPath":"Fleisch \u0026 Fisch/Wurst \u0026 Aufschnitt/Fleischwurst \u0026 Mortadella/"},"hasVariants":false,"hasDiverseVariantPrices":false,"shouldDetailsLinkBeMasked":false,"freeShipping":false,"_links":{"detail":{"href":"/p/wolf-gelbwurst-100g/2909311"}}},{"id":"7808032","nan":"7808032","version":24,"productName":"REWE Regional Hähnchen Geschnetzeltes 400g","attributes":{"tags":{"regional":{"label":"Regional"}}},"brand":{"name":"REWE Regional"},"media":{"images":[{"_links":{"self":{"href":"https://img.rewe-static.de/7808032/36096770_digital-image.png"}}}]},"_embedded":{"articles":[{"id":"QW2PAC9N","version":42,"gtin":"4337256419802","_embedded":{"listing":{"id":"8-QW2PAC9N-rewe-online-services|48466001-231011","version":1200003,"pricing":{"currentRetailPrice":599,"currency":"EUR","basePrice":1498,"baseUnit":{"KG":1},"grammage":"400g (1 kg = 14,98 €)"},"limitations":{"orderLimit":99}},"store":{"id":"rewe-online-services|48466001-231011","version":1000820},"merchant":{"id":"rewe-online-services","version":55048,"name":"REWE","type":"REWE","logo":"https://a.rewe-static.de/partnerlogos/rewe/REWE_mp.png"}}}],"categories":[{"id":"3779","primary":false},{"id":"206","primary":false},{"id":"3776","primary":false},{"id":"3680","primary":false},{"id":"209","primary":false},{"id":"207","primary":true}],"categoryPath":"Fleisch \u0026 Fisch/Fleisch/Geflügelfleisch/Hühnerfleisch/"},"hasVariants":false,"hasDiverseVariantPrices":false,"shouldDetailsLinkBeMasked":false,"freeShipping":false,"_links":{"detail":{"href":"/p/rewe-regional-haehnchen-geschnetzeltes-400g/7808032"}}},{"id":"8178294","nan":"8178294","version":18,"productName":"REWE Bio Leberwurst mit Kalbfleisch, fein 125g","attributes":{"tags":{"discounted":{"label":"Angebote"},"organic":{"label":"Bio"}}},"brand":{"name":"REWE Bio"},"media":{"images":[{"_links":{"self":{"href":"https://img.rewe-static.de/8178294/28898096_digital-image.png"}}}]},"_embedded":{"articles":[{"id":"4337256205443","version":98873,"gtin":"4337256205443","_embedded":{"listing":{"id":"13-4337256205443-rewe-online-services|48466001-231011","version":1200000,"pricing":{"currentRetailPrice":169,"currency":"EUR","basePrice":1352,"baseUnit":{"KG":1},"discount":{"regularPrice":199,"discountRate":15,"validFrom":null,"validTo":"2024-04-20T00:00:00MESZ"},"grammage":"125g (1 kg = 13,52 €)"},"limitations":{"orderLimit":15}},"store":{"id":"rewe-online-services|48466001-231011","version":1000820},"merchant":{"id":"rewe-online-services","version":55048,"name":"REWE","type":"REWE","logo":"https://a.rewe-static.de/partnerlogos/rewe/REWE_mp.png"}}}],"categories":[{"id":"3610","primary":false},{"id":"173","primary":false},{"id":"165","primary":false},{"id":"3680","primary":true}],"categoryPath":"Fleisch \u0026 Fisch/Wurst \u0026 Aufschnitt/Streichwurst/Leberwurst/"},"hasVariants":false,"hasDiverseVariantPrices":false,"shouldDetailsLinkBeMasked":false,"freeShipping":false,"_links":{"detail":{"href":"/p/rewe-bio-leberwurst-mit-kalbfleisch-fein-125g/8178294"}}},{"id":"8969847","nan":"8969847","version":13,"productName":"REWE Bio Kochschinken 100g","attributes":{"tags":{"organic":{"label":"Bio"}}},"brand":{"name":"REWE Bio"},"media":{"images":[{"_links":{"self":{"href":"https://img.rewe-static.de/8969847/41188738_digital-image.png"}}}]},"_embedded":{"articles":[{"id":"HIO3HUMO","version":87,"gtin":"4337256673969","_embedded":{"listing":{"id":"8-HIO3HUMO-rewe-online-services|48466001-231011","version":1200015,"pricing":{"currentRetailPrice":279,"currency":"EUR","basePrice":2790,"baseUnit":{"KG":1},"grammage":"100g (1 kg = 27,90 €)"},"limitations":{"orderLimit":99}},"store":{"id":"rewe-online-services|48466001-231011","version":1000820},"merchant":{"id":"rewe-online-services","version":55048,"name":"REWE","type":"REWE","logo":"https://a.rewe-static.de/partnerlogos/rewe/REWE_mp.png"}}}],"categories":[{"id":"170","primary":false},{"id":"165","primary":false},{"id":"3680","primary":true}],"categoryPath":"Fleisch \u0026 Fisch/Wurst \u0026 Aufschnitt/Kochschinken \u0026 Braten/"},"hasVariants":false,"hasDiverseVariantPrices":false,"shouldDetailsLinkBeMasked":false,"freeShipping":false,"_links":{"detail":{"href":"/p/rewe-bio-kochschinken-100g/8969847"}}},{"id":"7713371","nan":"7713371","version":38,"productName":"Zimmermann Münchner Weißwürste 5x60g","attributes":{},"brand":{"name":"Zimmermann"},"media":{"images":[{"_links":{"self":{"href":"https://img.rewe-static.de/7713371/3484470_digital-image.png"}}}]},"_embedded":{"articles":[{"id":"4006153116007","version":241765,"gtin":"4006153116007","_embedded":{"listing":{"id":"13-4006153116007-rewe-online-services|48466001-231011","version":1200022,"pricing":{"currentRetailPrice":359,"currency":"EUR","basePrice":1197,"baseUnit":{"KG":1},"tiers":[{"minimumQuantity":3,"price":341,"basePrice":{"value":1137,"measure":{"quantity":1,"uom":"KG"}},"discountRate":5,"grammage":"5x60g (1 kg = 11,37 €)"}],"grammage":"5x60g (1 kg = 11,97 €)"},"limitations":{"orderLimit":99}},"store":{"id":"rewe-online-services|48466001-231011","version":1000820},"merchant":{"id":"rewe-online-services","version":55048,"name":"REWE","type":"REWE","logo":"https://a.rewe-static.de/partnerlogos/rewe/REWE_mp.png"}}}],"categories":[{"id":"166","primary":false},{"id":"165","primary":false},{"id":"3680","primary":true}],"categoryPath":"Fleisch \u0026 Fisch/Wurst \u0026 Aufschnitt/Brüh- \u0026 Bratwurst/"},"hasVariants":false,"hasDiverseVariantPrices":false,"shouldDetailsLinkBeMasked":false,"freeShipping":false,"_links":{"detail":{"href":"/p/zimmermann-muenchner-weisswuerste-5x60g/7713371"}}},{"id":"1267719","nan":"1267719","version":18,"productName":"REWE Bio Hähnchenbrustfilet 320g","attributes":{"tags":{"organic":{"label":"Bio"}}},"brand":{"name":"REWE Bio"},"media":{"images":[{"_links":{"self":{"href":"https://img.rewe-static.de/1267719/21087764_digital-image.png"}}}]},"_embedded":{"articles":[{"id":"2160910000007","version":204031,"gtin":"2160910000007","_embedded":{"listing":{"id":"13-2160910000007-rewe-online-services|48466001-231011","version":1200001,"pricing":{"currentRetailPrice":1117,"currency":"EUR","basePrice":3490,"baseUnit":{"KG":1},"grammage":"1 Stück ca. 320 g (1 kg = 34,90 €)"},"limitations":{"orderLimit":99}},"store":{"id":"rewe-online-services|48466001-231011","version":1000820},"merchant":{"id":"rewe-online-services","version":55048,"name":"REWE","type":"REWE","logo":"https://a.rewe-static.de/partnerlogos/rewe/REWE_mp.png"}}}],"categories":[{"id":"209","primary":false},{"id":"207","primary":false},{"id":"206","primary":false},{"id":"3680","primary":true}],"categoryPath":"Fleisch \u0026 Fisch/Fleisch/Geflügelfleisch/Hühnerfleisch/"},"hasVariants":false,"hasDiverseVariantPrices":false,"shouldDetailsLinkBeMasked":false,"freeShipping":false,"_links":{"detail":{"href":"/p/rewe-bio-haehnchenbrustfilet-320g/1267719"}}},{"id":"489049","nan":"489049","version":15,"productName":"Wilhelm Brandenburg Mortadella mit Paprika 100g","attributes":{},"brand":{"name":"Wilhelm Brandenburg"},"media":{"images":[{"_links":{"self":{"href":"https://img.rewe-static.de/0489049/7707410_digital-image.png"}}}]},"_embedded":{"articles":[{"id":"VTINN8H8","version":206876,"gtin":"4337256275033","_embedded":{"listing":{"id":"8-VTINN8H8-rewe-online-services|48466001-231011","version":1200000,"pricing":{"currentRetailPrice":149,"currency":"EUR","basePrice":1490,"baseUnit":{"KG":1},"grammage":"100g (1 kg = 14,90 €)"},"limitations":{"orderLimit":99}},"store":{"id":"rewe-online-services|48466001-231011","version":1000820},"merchant":{"id":"rewe-online-services","version":55048,"name":"REWE","type":"REWE","logo":"https://a.rewe-static.de/partnerlogos/rewe/REWE_mp.png"}}}],"categories":[{"id":"168","primary":false},{"id":"165","primary":false},{"id":"3680","primary":true}],"categoryPath":"Fleisch \u0026 Fisch/Wurst \u0026 Aufschnitt/Fleischwurst \u0026 Mortadella/"},"hasVariants":false,"hasDiverseVariantPrices":false,"shouldDetailsLinkBeMasked":false,"freeShipping":false,"_links":{"detail":{"href":"/p/wilhelm-brandenburg-mortadella-mit-paprika-100g/489049"}}},{"id":"8254461","nan":"8254461","version":41,"productName":"REWE Bio Bacon-Würfel Schwein 80g","attributes":{"tags":{"organic":{"label":"Bio"}}},"brand":{"name":"REWE Bio"},"media":{"images":[{"_links":{"self":{"href":"https://img.rewe-static.de/8254461/29093184_digital-image.png"}}}]},"_embedded":{"articles":[{"id":"4337256211727","version":130264,"gtin":"4337256211727","_embedded":{"listing":{"id":"13-4337256211727-rewe-online-services|48466001-231011","version":1200020,"pricing":{"currentRetailPrice":159,"currency":"EUR","basePrice":1988,"baseUnit":{"KG":1},"grammage":"80g (1 kg = 19,88 €)"},"limitations":{"orderLimit":99}},"store":{"id":"rewe-online-services|48466001-231011","version":1000820},"merchant":{"id":"rewe-online-services","version":55048,"name":"REWE","type":"REWE","logo":"https://a.rewe-static.de/partnerlogos/rewe/REWE_mp.png"}}}],"categories":[{"id":"3792","primary":false},{"id":"165","primary":false},{"id":"3791","primary":false},{"id":"3680","primary":false},{"id":"171","primary":true}],"categoryPath":"Fleisch \u0026 Fisch/Wurst \u0026 Aufschnitt/Roher Schinken \u0026 Speck/"},"hasVariants":false,"hasDiverseVariantPrices":false,"shouldDetailsLinkBeMasked":false,"freeShipping":false,"_links":{"detail":{"href":"/p/rewe-bio-bacon-wuerfel-schwein-80g/8254461"}}},{"id":"7789471","nan":"7789471","version":5,"productName":"REWE Regional Hackfleisch gemischt 500g","attributes":{"tags":{"regional":{"label":"Regional"}}},"brand":{"name":"REWE Regional"},"media":{"images":[{"_links":{"self":{"href":"https://img.rewe-static.de/7789471/36713087_digital-image.png"}}}]},"_embedded":{"articles":[{"id":"ZZ9E4QO4","version":80,"gtin":"4337256460712","_embedded":{"listing":{"id":"8-ZZ9E4QO4-rewe-online-services|48466001-231011","version":1200000,"pricing":{"currentRetailPrice":598,"currency":"EUR","basePrice":1196,"baseUnit":{"KG":1},"grammage":"500g (1 kg = 11,96 €)"},"limitations":{"orderLimit":99}},"store":{"id":"rewe-online-services|48466001-231011","version":1000820},"merchant":{"id":"rewe-online-services","version":55048,"name":"REWE","type":"REWE","logo":"https://a.rewe-static.de/partnerlogos/rewe/REWE_mp.png"}}}],"categories":[{"id":"3779","primary":false},{"id":"206","primary":false},{"id":"3776","primary":false},{"id":"3680","primary":false},{"id":"212","primary":true}],"categoryPath":"Fleisch \u0026 Fisch/Fleisch/Hackfleisch/"},"hasVariants":false,"hasDiverseVariantPrices":false,"shouldDetailsLinkBeMasked":false,"freeShipping":false,"_links":{"detail":{"href":"/p/rewe-regional-hackfleisch-gemischt-500g/7789471"}}},{"id":"8437260","nan":"8437260","version":27,"productName":"Deutsche See Lachsfilet 250g","attributes":{},"brand":{"name":"Deutsche See"},"media":{"images":[{"_links":{"self":{"href":"https://img.rewe-static.de/8437260/30793152_digital-image.png"}}}]},"_embedded":{"articles":[{"id":"4009239512298","version":111354,"gtin":"4009239512298","_embedded":{"listing":{"id":"13-4009239512298-rewe-online-services|48466001-231011","version":1200007,"pricing":{"currentRetailPrice":649,"currency":"EUR","basePrice":2596,"baseUnit":{"KG":1},"grammage":"250g (1 kg = 25,96 €)"},"limitations":{"orderLimit":99}},"store":{"id":"rewe-online-services|48466001-231011","version":1000820},"merchant":{"id":"rewe-online-services","version":55048,"name":"REWE","type":"REWE","logo":"https://a.rewe-static.de/partnerlogos/rewe/REWE_mp.png"}}}],"categories":[{"id":"264","primary":false},{"id":"260","primary":false},{"id":"258","primary":false},{"id":"3680","primary":true}],"categoryPath":"Fleisch \u0026 Fisch/Fisch \u0026 Meeresfrüchte/Lachs \u0026 Seelachs/"},"hasVariants":false,"hasDiverseVariantPrices":false,"shouldDetailsLinkBeMasked":false,"freeShipping":false,"_links":{"detail":{"href":"/p/deutsche-see-lachsfilet-250g/8437260"}}},{"id":"1424183","nan":"1424183","version":29,"productName":"REWE Feine Welt Prosciutto Cotto 100g","attributes":{"tags":{"discounted":{"label":"Angebote"}}},"brand":{"name":"REWE Feine Welt"},"media":{"images":[{"_links":{"self":{"href":"https://img.rewe-static.de/1424183/20580573_digital-image.png"}}}]},"_embedded":{"articles":[{"id":"8007660665411","version":147950,"gtin":"8007660665411","_embedded":{"listing":{"id":"13-8007660665411-rewe-online-services|48466001-231011","version":1200010,"pricing":{"currentRetailPrice":379,"currency":"EUR","basePrice":3790,"baseUnit":{"KG":1},"discount":{"regularPrice":449,"discountRate":15,"validFrom":null,"validTo":"2024-04-20T00:00:00MESZ"},"grammage":"100g (1 kg = 37,90 €)"},"limitations":{"orderLimit":15}},"store":{"id":"rewe-online-services|48466001-231011","version":1000820},"merchant":{"id":"rewe-online-services","version":55048,"name":"REWE","type":"REWE","logo":"https://a.rewe-static.de/partnerlogos/rewe/REWE_mp.png"}}}],"categories":[{"id":"3798","primary":false},{"id":"165","primary":false},{"id":"3791","primary":false},{"id":"3680","primary":false},{"id":"170","primary":true}],"categoryPath":"Fleisch \u0026 Fisch/Wurst \u0026 Aufschnitt/Kochschinken \u0026 Braten/"},"hasVariants":false,"hasDiverseVariantPrices":false,"shouldDetailsLinkBeMasked":false,"freeShipping":false,"_links":{"detail":{"href":"/p/rewe-feine-welt-prosciutto-cotto-100g/1424183"}}},{"id":"8583362","nan":"8583362","version":54,"productName":"REWE Bio + vegan Räucher-Tofu 2x175g","attributes":{"tags":{"lactosefree":{"label":"Laktosefrei"},"organic":{"label":"Bio"},"vegan":{"label":"Vegan"}}},"brand":{"name":"REWE Bio"},"media":{"images":[{"_links":{"self":{"href":"https://img.rewe-static.de/8583362/33782951_digital-image.png"}}}]},"_embedded":{"articles":[{"id":"7ZCTGUMB","version":29962,"gtin":"4337256242585","_embedded":{"listing":{"id":"8-7ZCTGUMB-rewe-online-services|48466001-231011","version":1200029,"pricing":{"currentRetailPrice":219,"currency":"EUR","basePrice":626,"baseUnit":{"KG":1},"grammage":"2x175g (1 kg = 6,26 €)"},"limitations":{"orderLimit":99}},"store":{"id":"rewe-online-services|48466001-231011","version":1000820},"merchant":{"id":"rewe-online-services","version":55048,"name":"REWE","type":"REWE","logo":"https://a.rewe-static.de/partnerlogos/rewe/REWE_mp.png"}}}],"categories":[{"id":"3207","primary":false},{"id":"3206","primary":false},{"id":"3679","primary":false},{"id":"3793","primary":false},{"id":"3680","primary":false},{"id":"3666","primary":false},{"id":"3791","primary":true}],"categoryPath":"Fleisch \u0026 Fisch/Fleischalternativen/Tofu/"},"hasVariants":false,"hasDiverseVariantPrices":false,"shouldDetailsLinkBeMasked":false,"freeShipping":false,"_links":{"detail":{"href":"/p/rewe-bio-vegan-raeucher-tofu-2x175g/8583362"}}},{"id":"8139443","nan":"8139443","version":41,"productName":"Rügenwalder Mühle Veganer Schinken Spicker mit Grillgemüse 80g","attributes":{"tags":{"lactosefree":{"label":"Laktosefrei"},"vegan":{"label":"Vegan"},"vegetarian":{"label":"Vegetarisch"}}},"brand":{"name":"Rügenwalder Mühle"},"media":{"images":[{"_links":{"self":{"href":"https://img.rewe-static.de/8139443/28792969_digital-image.png"}}}]},"_embedded":{"articles":[{"id":"4000405004593","version":174765,"gtin":"4000405004593","_embedded":{"listing":{"id":"13-4000405004593-rewe-online-services|48466001-231011","version":1200020,"pricing":{"currentRetailPrice":159,"currency":"EUR","basePrice":1988,"baseUnit":{"KG":1},"grammage":"80g (1 kg = 19,88 €)"},"limitations":{"orderLimit":99}},"store":{"id":"rewe-online-services|48466001-231011","version":1000820},"merchant":{"id":"rewe-online-services","version":55048,"name":"REWE","type":"REWE","logo":"https://a.rewe-static.de/partnerlogos/rewe/REWE_mp.png"}}}],"categories":[{"id":"3491","primary":false},{"id":"3206","primary":false},{"id":"3667","primary":false},{"id":"3680","primary":false},{"id":"3666","primary":true}],"categoryPath":"Fleisch \u0026 Fisch/Fleischalternativen/Veggie Wurst-Alternativen/"},"hasVariants":false,"hasDiverseVariantPrices":false,"shouldDetailsLinkBeMasked":false,"freeShipping":false,"_links":{"detail":{"href":"/p/ruegenwalder-muehle-veganer-schinken-spicker-mit-grillgemuese-80g/8139443"}}},{"id":"1402241","nan":"1402241","version":31,"productName":"Rügenwalder Mühle Mühlen-Frikadellen Geflügel 165g","attributes":{"tags":{"discounted":{"label":"Angebote"},"lactosefree":{"label":"Laktosefrei"}}},"brand":{"name":"Rügenwalder Mühle"},"media":{"images":[{"_links":{"self":{"href":"https://img.rewe-static.de/1402241/20251343_digital-image.png"}}}]},"_embedded":{"articles":[{"id":"4000405002605","version":274567,"gtin":"4000405002605","_embedded":{"listing":{"id":"13-4000405002605-rewe-online-services|48466001-231011","version":1200010,"pricing":{"currentRetailPrice":239,"currency":"EUR","basePrice":1448,"baseUnit":{"KG":1},"discount":{"regularPrice":279,"discountRate":14,"validFrom":null,"validTo":"2024-04-20T00:00:00MESZ"},"grammage":"165g (1 kg = 14,48 €)"},"limitations":{"orderLimit":15}},"store":{"id":"rewe-online-services|48466001-231011","version":1000820},"merchant":{"id":"rewe-online-services","version":55048,"name":"REWE","type":"REWE","logo":"https://a.rewe-static.de/partnerlogos/rewe/REWE_mp.png"}}}],"categories":[{"id":"251","primary":false},{"id":"206","primary":false},{"id":"3680","primary":true}],"categoryPath":"Fleisch \u0026 Fisch/Fleisch/Frikadellen/"},"hasVariants":false,"hasDiverseVariantPrices":false,"shouldDetailsLinkBeMasked":false,"freeShipping":false,"_links":{"detail":{"href":"/p/ruegenwalder-muehle-muehlen-frikadellen-gefluegel-165g/1402241"}}},{"id":"7788585","nan":"7788585","version":25,"productName":"REWE Feine Welt Mortadella mit Pistazien 100g","attributes":{"tags":{"discounted":{"label":"Angebote"}}},"brand":{"name":"REWE Feine Welt"},"media":{"images":[{"_links":{"self":{"href":"https://img.rewe-static.de/7788585/36697621_digital-image.png"}}}]},"_embedded":{"articles":[{"id":"NM9VEXOB","version":149,"gtin":"4337256468749","_embedded":{"listing":{"id":"8-NM9VEXOB-rewe-online-services|48466001-231011","version":1200004,"pricing":{"currentRetailPrice":249,"currency":"EUR","basePrice":2490,"baseUnit":{"KG":1},"discount":{"regularPrice":299,"discountRate":16,"validFrom":null,"validTo":"2024-04-20T00:00:00MESZ"},"grammage":"100g (1 kg = 24,90 €)"},"limitations":{"orderLimit":15}},"store":{"id":"rewe-online-services|48466001-231011","version":1000820},"merchant":{"id":"rewe-online-services","version":55048,"name":"REWE","type":"REWE","logo":"https://a.rewe-static.de/partnerlogos/rewe/REWE_mp.png"}}}],"categories":[{"id":"3798","primary":false},{"id":"165","primary":false},{"id":"3791","primary":false},{"id":"3680","primary":false},{"id":"168","primary":true}],"categoryPath":"Fleisch \u0026 Fisch/Wurst \u0026 Aufschnitt/Fleischwurst \u0026 Mortadella/"},"hasVariants":false,"hasDiverseVariantPrices":false,"shouldDetailsLinkBeMasked":false,"freeShipping":false,"_links":{"detail":{"href":"/p/rewe-feine-welt-mortadella-mit-pistazien-100g/7788585"}}},{"id":"715195","nan":"715195","version":29,"productName":"Gutfried Geflügel-Fleischwurst 400g","attributes":{},"brand":{"name":"Gutfried"},"media":{"images":[{"_links":{"self":{"href":"https://img.rewe-static.de/0715195/32350720_digital-image.png"}}}]},"_embedded":{"articles":[{"id":"5ZG2VH8D","version":84411,"gtin":"4003171003692","_embedded":{"listing":{"id":"8-5ZG2VH8D-rewe-online-services|48466001-231011","version":1200008,"pricing":{"currentRetailPrice":349,"currency":"EUR","basePrice":873,"baseUnit":{"KG":1},"tiers":[{"minimumQuantity":3,"price":331,"basePrice":{"value":828,"measure":{"quantity":1,"uom":"KG"}},"discountRate":5,"grammage":"400g (1 kg = 8,28 €)"}],"grammage":"400g (1 kg = 8,73 €)"},"limitations":{"orderLimit":99}},"store":{"id":"rewe-online-services|48466001-231011","version":1000820},"merchant":{"id":"rewe-online-services","version":55048,"name":"REWE","type":"REWE","logo":"https://a.rewe-static.de/partnerlogos/rewe/REWE_mp.png"}}}],"categories":[{"id":"168","primary":false},{"id":"165","primary":false},{"id":"3680","primary":true}],"categoryPath":"Fleisch \u0026 Fisch/Wurst \u0026 Aufschnitt/Fleischwurst \u0026 Mortadella/"},"hasVariants":false,"hasDiverseVariantPrices":false,"shouldDetailsLinkBeMasked":false,"freeShipping":false,"_links":{"detail":{"href":"/p/gutfried-gefluegel-fleischwurst-400g/715195"}}},{"id":"2327516","nan":"2327516","version":23,"productName":"Herta Finesse Schinken hauchzart und feinwürzig 100g","attributes":{},"brand":{"name":"Herta"},"media":{"images":[{"_links":{"self":{"href":"https://img.rewe-static.de/2327516/23455172_digital-image.png"}}}]},"_embedded":{"articles":[{"id":"4000582185290","version":287921,"gtin":"4000582185290","_embedded":{"listing":{"id":"13-4000582185290-rewe-online-services|48466001-231011","version":1200015,"pricing":{"currentRetailPrice":249,"currency":"EUR","basePrice":2490,"baseUnit":{"KG":1},"tiers":[{"minimumQuantity":3,"price":236,"basePrice":{"value":2360,"measure":{"quantity":1,"uom":"KG"}},"discountRate":5,"grammage":"100g (1 kg = 23,60 €)"}],"grammage":"100g (1 kg = 24,90 €)"},"limitations":{"orderLimit":99}},"store":{"id":"rewe-online-services|48466001-231011","version":1000820},"merchant":{"id":"rewe-online-services","version":55048,"name":"REWE","type":"REWE","logo":"https://a.rewe-static.de/partnerlogos/rewe/REWE_mp.png"}}}],"categories":[{"id":"170","primary":false},{"id":"165","primary":false},{"id":"3680","primary":true}],"categoryPath":"Fleisch \u0026 Fisch/Wurst \u0026 Aufschnitt/Kochschinken \u0026 Braten/"},"hasVariants":false,"hasDiverseVariantPrices":false,"shouldDetailsLinkBeMasked":false,"freeShipping":false,"_links":{"detail":{"href":"/p/herta-finesse-schinken-hauchzart-und-feinwuerzig-100g/2327516"}}},{"id":"2167965","nan":"2167965","version":13,"productName":"Wilhelm Brandenburg Bayerischer Backleberkäse 100g","attributes":{},"brand":{"name":"Wilhelm Brandenburg"},"media":{"images":[{"_links":{"self":{"href":"https://img.rewe-static.de/2167965/22789414_digital-image.png"}}}]},"_embedded":{"articles":[{"id":"2M7QU57N","version":48186,"gtin":"4337256341684","_embedded":{"listing":{"id":"8-2M7QU57N-rewe-online-services|48466001-231011","version":1000057,"pricing":{"currentRetailPrice":159,"currency":"EUR","basePrice":1590,"baseUnit":{"KG":1},"grammage":"100g (1 kg = 15,90 €)"},"limitations":{"orderLimit":99}},"store":{"id":"rewe-online-services|48466001-231011","version":1000820},"merchant":{"id":"rewe-online-services","version":55048,"name":"REWE","type":"REWE","logo":"https://a.rewe-static.de/partnerlogos/rewe/REWE_mp.png"}}}],"categories":[{"id":"168","primary":false},{"id":"165","primary":false},{"id":"3680","primary":true}],"categoryPath":"Fleisch \u0026 Fisch/Wurst \u0026 Aufschnitt/Fleischwurst \u0026 Mortadella/"},"hasVariants":false,"hasDiverseVariantPrices":false,"shouldDetailsLinkBeMasked":false,"freeShipping":false,"_links":{"detail":{"href":"/p/wilhelm-brandenburg-bayerischer-backleberkaese-100g/2167965"}}},{"id":"2327613","nan":"2327613","version":29,"productName":"Herta Finesse Hähnchenbrust ofengebacken 100g","attributes":{},"brand":{"name":"Herta"},"media":{"images":[{"_links":{"self":{"href":"https://img.rewe-static.de/2327613/23879001_digital-image.png"}}}]},"_embedded":{"articles":[{"id":"4000582370597","version":280837,"gtin":"4000582370597","_embedded":{"listing":{"id":"13-4000582370597-rewe-online-services|48466001-231011","version":1200033,"pricing":{"currentRetailPrice":249,"currency":"EUR","basePrice":2490,"baseUnit":{"KG":1},"tiers":[{"minimumQuantity":3,"price":236,"basePrice":{"value":2360,"measure":{"quantity":1,"uom":"KG"}},"discountRate":5,"grammage":"100g (1 kg = 23,60 €)"}],"grammage":"100g (1 kg = 24,90 €)"},"limitations":{"orderLimit":99}},"store":{"id":"rewe-online-services|48466001-231011","version":1000820},"merchant":{"id":"rewe-online-services","version":55048,"name":"REWE","type":"REWE","logo":"https://a.rewe-static.de/partnerlogos/rewe/REWE_mp.png"}}}],"categories":[{"id":"170","primary":false},{"id":"165","primary":false},{"id":"3680","primary":true}],"categoryPath":"Fleisch \u0026 Fisch/Wurst \u0026 Aufschnitt/Kochschinken \u0026 Braten/"},"hasVariants":false,"hasDiverseVariantPrices":false,"shouldDetailsLinkBeMasked":false,"freeShipping":false,"_links":{"detail":{"href":"/p/herta-finesse-haehnchenbrust-ofengebacken-100g/2327613"}}},{"id":"2642247","nan":"2642247","version":43,"productName":"Tulip Bacon 125g","attributes":{},"brand":{"name":"Tulip"},"media":{"images":[{"_links":{"self":{"href":"https://img.rewe-static.de/2642247/3847590_digital-image.png"}}}]},"_embedded":{"articles":[{"id":"5762385038218","version":203697,"gtin":"5762385038218","_embedded":{"listing":{"id":"13-5762385038218-rewe-online-services|48466001-231011","version":1200021,"pricing":{"currentRetailPrice":229,"currency":"EUR","basePrice":1832,"baseUnit":{"KG":1},"tiers":[{"minimumQuantity":3,"price":217,"basePrice":{"value":1736,"measure":{"quantity":1,"uom":"KG"}},"discountRate":5,"grammage":"125g (1 kg = 17,36 €)"}],"grammage":"125g (1 kg = 18,32 €)"},"limitations":{"orderLimit":99}},"store":{"id":"rewe-online-services|48466001-231011","version":1000820},"merchant":{"id":"rewe-online-services","version":55048,"name":"REWE","type":"REWE","logo":"https://a.rewe-static.de/partnerlogos/rewe/REWE_mp.png"}}}],"categories":[{"id":"3792","primary":false},{"id":"3803","primary":false},{"id":"165","primary":false},{"id":"3791","primary":false},{"id":"3680","primary":false},{"id":"171","primary":true}],"categoryPath":"Fleisch \u0026 Fisch/Wurst \u0026 Aufschnitt/Roher Schinken \u0026 Speck/"},"hasVariants":false,"hasDiverseVariantPrices":false,"shouldDetailsLinkBeMasked":false,"freeShipping":false,"_links":{"detail":{"href":"/p/tulip-bacon-125g/2642247"}}},{"id":"204051","nan":"204051","version":16,"productName":"REWE Bio Paprika-Lyoner 70g","attributes":{"tags":{"organic":{"label":"Bio"}}},"brand":{"name":"REWE Bio"},"media":{"images":[{"_links":{"self":{"href":"https://img.rewe-static.de/0204051/2303230_digital-image.png"}}}]},"_embedded":{"articles":[{"id":"4337256204873","version":276324,"gtin":"4337256204873","_embedded":{"listing":{"id":"13-4337256204873-rewe-online-services|48466001-231011","version":1000110,"pricing":{"currentRetailPrice":149,"currency":"EUR","basePrice":2129,"baseUnit":{"KG":1},"tiers":[{"minimumQuantity":3,"price":141,"basePrice":{"value":2015,"measure":{"quantity":1,"uom":"KG"}},"discountRate":5,"grammage":"70g (1 kg = 20,15 €)"}],"grammage":"70g (1 kg = 21,29 €)"},"limitations":{"orderLimit":99}},"store":{"id":"rewe-online-services|48466001-231011","version":1000820},"merchant":{"id":"rewe-online-services","version":55048,"name":"REWE","type":"REWE","logo":"https://a.rewe-static.de/partnerlogos/rewe/REWE_mp.png"}}}],"categories":[{"id":"168","primary":false},{"id":"165","primary":false},{"id":"3680","primary":true}],"categoryPath":"Fleisch \u0026 Fisch/Wurst \u0026 Aufschnitt/Fleischwurst \u0026 Mortadella/"},"hasVariants":false,"hasDiverseVariantPrices":false,"shouldDetailsLinkBeMasked":false,"freeShipping":false,"_links":{"detail":{"href":"/p/rewe-bio-paprika-lyoner-70g/204051"}}},{"id":"755656","nan":"755656","version":31,"productName":"Wiesenhof Geflügel-Mortadella 100g","attributes":{},"brand":{"name":"Wiesenhof"},"media":{"images":[{"_links":{"self":{"href":"https://img.rewe-static.de/0755656/4782630_digital-image.png"}}}]},"_embedded":{"articles":[{"id":"4019467470703","version":223167,"gtin":"4019467470703","_embedded":{"listing":{"id":"13-4019467470703-rewe-online-services|48466001-231011","version":1200012,"pricing":{"currentRetailPrice":159,"currency":"EUR","basePrice":1590,"baseUnit":{"KG":1},"tiers":[{"minimumQuantity":3,"price":151,"basePrice":{"value":1510,"measure":{"quantity":1,"uom":"KG"}},"discountRate":5,"grammage":"100g (1 kg = 15,10 €)"}],"grammage":"100g (1 kg = 15,90 €)"},"limitations":{"orderLimit":99}},"store":{"id":"rewe-online-services|48466001-231011","version":1000820},"merchant":{"id":"rewe-online-services","version":55048,"name":"REWE","type":"REWE","logo":"https://a.rewe-static.de/partnerlogos/rewe/REWE_mp.png"}}}],"categories":[{"id":"168","primary":false},{"id":"165","primary":false},{"id":"3680","primary":true}],"categoryPath":"Fleisch \u0026 Fisch/Wurst \u0026 Aufschnitt/Fleischwurst \u0026 Mortadella/"},"hasVariants":false,"hasDiverseVariantPrices":false,"shouldDetailsLinkBeMasked":false,"freeShipping":false,"_links":{"detail":{"href":"/p/wiesenhof-gefluegel-mortadella-100g/755656"}}},{"id":"2927443","nan":"2927443","version":20,"productName":"REWE Feine Welt Salami Ciatore 80g","attributes":{"tags":{"discounted":{"label":"Angebote"}}},"brand":{"name":"REWE Feine Welt"},"media":{"images":[{"_links":{"self":{"href":"https://img.rewe-static.de/2927443/25598760_digital-image.png"}}}]},"_embedded":{"articles":[{"id":"4388844262706","version":147362,"gtin":"4388844262706","_embedded":{"listing":{"id":"13-4388844262706-rewe-online-services|48466001-231011","version":1200002,"pricing":{"currentRetailPrice":329,"currency":"EUR","basePrice":4113,"baseUnit":{"KG":1},"discount":{"regularPrice":389,"discountRate":15,"validFrom":null,"validTo":"2024-04-20T00:00:00MESZ"},"grammage":"80g (1 kg = 41,13 €)"},"limitations":{"orderLimit":15}},"store":{"id":"rewe-online-services|48466001-231011","version":1000820},"merchant":{"id":"rewe-online-services","version":55048,"name":"REWE","type":"REWE","logo":"https://a.rewe-static.de/partnerlogos/rewe/REWE_mp.png"}}}],"categories":[{"id":"3798","primary":false},{"id":"165","primary":false},{"id":"3791","primary":false},{"id":"3680","primary":false},{"id":"172","primary":true}],"categoryPath":"Fleisch \u0026 Fisch/Wurst \u0026 Aufschnitt/Salami \u0026 Paprikawurst/"},"hasVariants":false,"hasDiverseVariantPrices":false,"shouldDetailsLinkBeMasked":false,"freeShipping":false,"_links":{"detail":{"href":"/p/rewe-feine-welt-salami-ciatore-80g/2927443"}}},{"id":"2327591","nan":"2327591","version":27,"productName":"Herta Finesse Putenbrust im Ofen gegrillt 100g","attributes":{},"brand":{"name":"Herta"},"media":{"images":[{"_links":{"self":{"href":"https://img.rewe-static.de/2327591/23456917_digital-image.png"}}}]},"_embedded":{"articles":[{"id":"Z5GKSJKJ","version":275570,"gtin":"4000582189892","_embedded":{"listing":{"id":"8-Z5GKSJKJ-rewe-online-services|48466001-231011","version":1200032,"pricing":{"currentRetailPrice":249,"currency":"EUR","basePrice":2490,"baseUnit":{"KG":1},"tiers":[{"minimumQuantity":3,"price":236,"basePrice":{"value":2360,"measure":{"quantity":1,"uom":"KG"}},"discountRate":5,"grammage":"100g (1 kg = 23,60 €)"}],"grammage":"100g (1 kg = 24,90 €)"},"limitations":{"orderLimit":99}},"store":{"id":"rewe-online-services|48466001-231011","version":1000820},"merchant":{"id":"rewe-online-services","version":55048,"name":"REWE","type":"REWE","logo":"https://a.rewe-static.de/partnerlogos/rewe/REWE_mp.png"}}}],"categories":[{"id":"170","primary":false},{"id":"165","primary":false},{"id":"3680","primary":true}],"categoryPath":"Fleisch \u0026 Fisch/Wurst \u0026 Aufschnitt/Kochschinken \u0026 Braten/"},"hasVariants":false,"hasDiverseVariantPrices":false,"shouldDetailsLinkBeMasked":false,"freeShipping":false,"_links":{"detail":{"href":"/p/herta-finesse-putenbrust-im-ofen-gegrillt-100g/2327591"}}},{"id":"7829813","nan":"7829813","version":24,"productName":"REWE Bio Geflügel Wiener 200g","attributes":{"tags":{"organic":{"label":"Bio"}}},"brand":{"name":"REWE Bio"},"media":{"images":[{"_links":{"self":{"href":"https://img.rewe-static.de/7829813/36469743_digital-image.png"}}}]},"_embedded":{"articles":[{"id":"G7FJMB0Q","version":190,"gtin":"4337256336574","_embedded":{"listing":{"id":"8-G7FJMB0Q-rewe-online-services|48466001-231011","version":1200003,"pricing":{"currentRetailPrice":399,"currency":"EUR","basePrice":1995,"baseUnit":{"KG":1},"tiers":[{"minimumQuantity":3,"price":379,"basePrice":{"value":1895,"measure":{"quantity":1,"uom":"KG"}},"discountRate":5,"grammage":"200g (1 kg = 18,95 €)"}],"grammage":"200g (1 kg = 19,95 €)"},"limitations":{"orderLimit":99}},"store":{"id":"rewe-online-services|48466001-231011","version":1000820},"merchant":{"id":"rewe-online-services","version":55048,"name":"REWE","type":"REWE","logo":"https://a.rewe-static.de/partnerlogos/rewe/REWE_mp.png"}}}],"categories":[{"id":"166","primary":false},{"id":"207","primary":false},{"id":"165","primary":false},{"id":"206","primary":false},{"id":"3680","primary":true}],"categoryPath":"Fleisch \u0026 Fisch/Wurst \u0026 Aufschnitt/Brüh- \u0026 Bratwurst/"},"hasVariants":false,"hasDiverseVariantPrices":false,"shouldDetailsLinkBeMasked":false,"freeShipping":false,"_links":{"detail":{"href":"/p/rewe-bio-gefluegel-wiener-200g/7829813"}}},{"id":"2722550","nan":"2722550","version":30,"productName":"Rügenwalder Mühle Rügenwalder Teewurst fein 125g","attributes":{"tags":{"discounted":{"label":"Angebote"},"lactosefree":{"label":"Laktosefrei"}}},"brand":{"name":"Rügenwalder Mühle"},"media":{"images":[{"_links":{"self":{"href":"https://img.rewe-static.de/2722550/1592180_digital-image.png"}}}]},"_embedded":{"articles":[{"id":"4000405003411","version":236130,"gtin":"4000405003411","_embedded":{"listing":{"id":"13-4000405003411-rewe-online-services|48466001-231011","version":1200012,"pricing":{"currentRetailPrice":159,"currency":"EUR","basePrice":1272,"baseUnit":{"KG":1},"discount":{"regularPrice":269,"discountRate":40,"validFrom":null,"validTo":"2024-04-20T00:00:00MESZ"},"grammage":"125g (1 kg = 12,72 €)"},"limitations":{"orderLimit":15}},"store":{"id":"rewe-online-services|48466001-231011","version":1000820},"merchant":{"id":"rewe-online-services","version":55048,"name":"REWE","type":"REWE","logo":"https://a.rewe-static.de/partnerlogos/rewe/REWE_mp.png"}}}],"categories":[{"id":"3611","primary":false},{"id":"173","primary":false},{"id":"165","primary":false},{"id":"3680","primary":true}],"categoryPath":"Fleisch \u0026 Fisch/Wurst \u0026 Aufschnitt/Streichwurst/Teewurst/"},"hasVariants":false,"hasDiverseVariantPrices":false,"shouldDetailsLinkBeMasked":false,"freeShipping":false,"_links":{"detail":{"href":"/p/ruegenwalder-muehle-ruegenwalder-teewurst-fein-125g/2722550"}}},{"id":"7271321","nan":"7271321","version":34,"productName":"Biometzgerei Pichler Bio Hähnchenbrustfilet 2 Stück","attributes":{"tags":{"organic":{"label":"Bio"},"regional":{"label":"Regional"}}},"brand":{"name":"Biometzgerei Pichler"},"media":{"images":[{"_links":{"self":{"href":"https://img.rewe-static.de/7271321/40210016_digital-image.png"}}}]},"_embedded":{"articles":[{"id":"2186630000004","version":809,"gtin":"2186630000004","_embedded":{"listing":{"id":"13-2186630000004-rewe-online-services|48466001-231011","version":1200003,"pricing":{"currentRetailPrice":664,"currency":"EUR","basePrice":3690,"baseUnit":{"KG":1},"grammage":"1 Stück ca. 180 g (1 kg = 36,90 €)"},"limitations":{"orderLimit":99}},"store":{"id":"rewe-online-services|48466001-231011","version":1000820},"merchant":{"id":"rewe-online-services","version":55048,"name":"REWE","type":"REWE","logo":"https://a.rewe-static.de/partnerlogos/rewe/REWE_mp.png"}}}],"categories":[{"id":"3779","primary":false},{"id":"206","primary":false},{"id":"3776","primary":false},{"id":"3680","primary":false},{"id":"209","primary":false},{"id":"207","primary":true}],"categoryPath":"Fleisch \u0026 Fisch/Fleisch/Geflügelfleisch/Hühnerfleisch/"},"hasVariants":false,"hasDiverseVariantPrices":false,"shouldDetailsLinkBeMasked":false,"freeShipping":false,"_links":{"detail":{"href":"/p/biometzgerei-pichler-bio-haehnchenbrustfilet-2-stueck/7271321"}}},{"id":"7054479","nan":"7054479","version":7,"productName":"REWE Beste Wahl Baguette Salami luftgetrocknet 80g","attributes":{},"brand":{"name":"REWE Beste Wahl"},"media":{"images":[{"_links":{"self":{"href":"https://img.rewe-static.de/7054479/27482485_digital-image.png"}}}]},"_embedded":{"articles":[{"id":"4388844298965","version":114592,"gtin":"4388844298965","_embedded":{"listing":{"id":"13-4388844298965-rewe-online-services|48466001-231011","version":1200003,"pricing":{"currentRetailPrice":189,"currency":"EUR","basePrice":2363,"baseUnit":{"KG":1},"tiers":[{"minimumQuantity":3,"price":179,"basePrice":{"value":2238,"measure":{"quantity":1,"uom":"KG"}},"discountRate":5,"grammage":"80g (1 kg = 22,38 €)"}],"grammage":"80g (1 kg = 23,63 €)"},"limitations":{"orderLimit":99}},"store":{"id":"rewe-online-services|48466001-231011","version":1000820},"merchant":{"id":"rewe-online-services","version":55048,"name":"REWE","type":"REWE","logo":"https://a.rewe-static.de/partnerlogos/rewe/REWE_mp.png"}}}],"categories":[{"id":"172","primary":false},{"id":"165","primary":false},{"id":"3680","primary":true}],"categoryPath":"Fleisch \u0026 Fisch/Wurst \u0026 Aufschnitt/Salami \u0026 Paprikawurst/"},"hasVariants":false,"hasDiverseVariantPrices":false,"shouldDetailsLinkBeMasked":false,"freeShipping":false,"_links":{"detail":{"href":"/p/rewe-beste-wahl-baguette-salami-luftgetrocknet-80g/7054479"}}}]},"toggles":[{"name":"address-optional-salutation","active":true},{"name":"checkout-display-showroom-ad","active":true},{"name":"cmp3","active":true},{"name":"eas-new-be","active":true},{"name":"mengenrabattierung","active":true},{"name":"new-navigation-tracking","active":true},{"name":"newEAS","active":true},{"name":"offer-details-tracking","active":true},{"name":"payback-card-change","active":true},{"name":"payback-ecoupon-api","active":true},{"name":"payback-evoucher","active":true},{"name":"payback-rewe-newsletter","active":true},{"name":"payback-targeted-bonus-coupon","active":true},{"name":"payback-targeted-burn","active":true},{"name":"pester-power-items","active":true},{"name":"pp-rewe-ebon","active":true},{"name":"pp-rewe-ebon-deactivate","active":true},{"name":"prefilled-basket-myproducts","active":true},{"name":"productlist-gam-sizes-2024","active":true},{"name":"rewe-sso","active":true},{"name":"sy-rewe-ebon","active":true},{"name":"wookiees-pickup-page","active":true}],"seoData":{"canonical":"https://shop.rewe.de/c/fleisch-fisch/","index":true,"follow":true,"description":"Fleisch \u0026amp; Fisch im Online-Supermarkt kaufen \u0026raquo; Lieferung \u0026amp; Abholung zum Wunschtermin ✓ Zeit \u0026amp; Stress sparen ► jetzt bei REWE.de bestellen!","keywords":"Fleisch \u0026 Fisch","pageTitle":"Fleisch \u0026amp; Fisch online bestellen | REWE.de","categoryText":null},"marketInfo":{"bulkyGoodsText":"Ab der 3. Getränkekiste fällt ein Getränkezuschlag in Höhe von 1,50€ pro Getränkekiste an. Maximal 7 Getränkekisten bestellbar."},"quickFacets":{"resetQuery":null,"constraints":[{"id":"DISCOUNTED","label":"Angebote","toggleQuery":"category=Fleisch%20%26%20Fisch\u0026attribute=discounted","applied":false,"count":22,"parameters":[{"key":"attribute","value":"discounted"}]},{"id":"ORGANIC","label":"Bio","toggleQuery":"category=Fleisch%20%26%20Fisch\u0026attribute=organic","applied":false,"count":122,"parameters":[{"key":"attribute","value":"organic"}]},{"id":"REGIONAL","label":"Regional","toggleQuery":"category=Fleisch%20%26%20Fisch\u0026attribute=regional","applied":false,"count":70,"parameters":[{"key":"attribute","value":"regional"}]},{"id":"VEGAN","label":"Vegan","toggleQuery":"category=Fleisch%20%26%20Fisch\u0026attribute=vegan","applied":false,"count":103,"parameters":[{"key":"attribute","value":"vegan"}]},{"id":"NEW","label":"Neu","toggleQuery":"category=Fleisch%20%26%20Fisch\u0026attribute=new","applied":false,"count":9,"parameters":[{"key":"attribute","value":"new"}]}]}},"configuration":{"amountHandlerUrl":"http://rewe-basket/ui/add-to-basket-button-v2","categoryFiltered":true,"brandFiltered":false,"shippingFiltered":false,"isOnlyOneFilterApplied":true,"debug":false,"discounted":false,"filtered":false,"gitCommitId":"a624aa05490addfbe6445563a587fdab661c08a6","isAuthenticated":true,"isKeywordCampaign":false,"productTileUrl":"http://rewe-product-details/api/ui/products/","reweShopPath":"/c/fleisch-fisch/","shopBaseUrl":"https://shop.rewe.de","shopSearchPath":"/productList","isBot":false,"googleAdManagerURL":"https://securepubads.g.doubleclick.net/tag/js/gpt.js","googleAdManagerLimitedURL":"https://pagead2.googlesyndication.com/tag/js/gpt.js","pageType":"categories","categoryNavigationIncludeUrl":"http://category-overview-renderer/ui/navigation?categorySlug=fleisch-fisch\u0026source=homepage-category\u0026market=231011\u0026objectsPerPage=40\u0026postalCode=86156\u0026serviceTypes=DELIVERY\u0026autocorrect=true","categoryResultIncludeUrl":"http://category-overview-renderer/ui/result?categorySlug=fleisch-fisch\u0026source=homepage-category\u0026market=231011\u0026objectsPerPage=40\u0026postalCode=86156\u0026serviceTypes=DELIVERY\u0026autocorrect=true","flagshipIncludeUrl":"http://flagship-renderer/ui/flagship?serviceType=DELIVERY\u0026marketCode=231011\u0026debug=false\u0026searchTerm=c%3Afleisch-fisch","flagshipSkeletonIncludeUrl":"http://flagship-renderer/ui/skeleton?serviceType=DELIVERY\u0026marketCode=231011\u0026debug=false"},"searchDebugInformation":{"localeString":"de","correlationId":"9fafe9bc-b506-404e-927e-2aaf6d017fe7"},"headers":{"host":"productlist-renderer","user-agent":"Mozilla/5.0 (Windows NT 10.0; Win64; x64) AppleWebKit/537.36 (KHTML, like Gecko) Chrome/123.0.0.0 Safari/537.36 Edg/123.0.0.0","a-b-test-groups":"address-optional-salutation, checkout-display-showroom-ad, cmp3, eas-new-be, mengenrabattierung, new-navigation-tracking, newEAS, offer-details-tracking, payback-card-change, payback-ecoupon-api, payback-evoucher, payback-rewe-newsletter, payback-targeted-bonus-coupon, payback-targeted-burn, pester-power-items, pp-rewe-ebon, pp-rewe-ebon-deactivate, prefilled-basket-myproducts, productlist-gam-sizes-2024, rewe-sso, sy-rewe-ebon, wookiees-pickup-page","accept":"text/html,application/xhtml+xml,application/xml;q=0.9,image/avif,image/webp,image/apng,*/*;q=0.8,application/signed-exchange;v=b3;q=0.7","accept-encoding":"gzip","accept-language":"de,de-DE;q=0.9,en;q=0.8,en-GB;q=0.7,en-US;q=0.6","auth-info-session-id":"2b166100-1dce-416c-931e-ac08590f77c2","auth-info-user-id":"981a15fb-f1f3-4ee2-adda-89e99b2b7d92","authorization":"Bearer eyJhbGciOiJSUzI1NiIsInR5cCIgOiAiSldUIiwia2lkIiA6ICJBUktOSW1PYjZ6V1F5RGVoM01pNDU1MjNRQmVVb3NocnhGOExZUkgwM1Y4In0.eyJleHAiOjE3MTMxMjM1OTMsImlhdCI6MTcxMzEyMzI5MywianRpIjoiMWFmMWI4MDYtYzIxNy00Y2UwLTk3MmUtY2YwMmI4MDNiZDU5IiwiaXNzIjoiaHR0cHM6Ly9hdXRoLnJld2UuY2xvdWQvcmVhbG1zL2Vjb20tcHJvZCIsInN1YiI6IjlhMGE3YjBiLWZmY2MtNDMzMy05ODQwLWUwMzBkZDM4MzNlYiIsInR5cCI6IkJlYXJlciIsImF6cCI6ImR5bmFtaWMtdWktY29tcG9zaXRpb24iLCJzY29wZSI6ImVtYWlsIHJlYWQgcHJvZmlsZSIsImNsaWVudEhvc3QiOiIzNC43Ny4xNTQuMzgiLCJjbGllbnRJZCI6ImR5bmFtaWMtdWktY29tcG9zaXRpb24iLCJlbWFpbF92ZXJpZmllZCI6ZmFsc2UsInByZWZlcnJlZF91c2VybmFtZSI6InNlcnZpY2UtYWNjb3VudC1keW5hbWljLXVpLWNvbXBvc2l0aW9uIiwiY2xpZW50QWRkcmVzcyI6IjM0Ljc3LjE1NC4zOCJ9.Byd4URUnLQj4augrbe9FKY6_HUEaVfm8U_dA233LxMVpN2GhL6IY5TtpwnaILYmrihUWWuDP9G-jwoWMmkCdOehf3lnT5Z73wcnHW2QJUeKK-cQsTWvaq8AgIpuIwnKfh9JgQxwRZC3IvAkL_PkmYvpW5ybNCBX_9Z1v1XoNwe6kuyRz2XE325ytb57E66FT8Mk4i_gJ99aULN5jyGhlZ79fFYccyItyvBtS2jZpOoEPOcmo8jpiNmaIm9XcZbjVqBgJcBecLIHr0cvqKpxBSJR6KiD9q3ieXw0Cj4psZ8zVlbl2X2KmEhd-tWM4QOepAH-KrP7xgkoPvuHHMPNHMg","cache-control":"max-age=0","cdn-loop":"cloudflare","cf-bot-score":"94","cf-connecting-ip":"2001:a61:5107:901:1d6c:b2fa:3a75:8f5d","cf-ipcountry":"DE","cf-ja3-hash":"fddd91bd1fbda90735aa15ce29630d9d","cf-pseudo-ipv4":"245.144.88.200","cf-ray":"874624fcfe819263-MUC","cf-verified-bot":"false","cf-visitor":"{\"scheme\":\"https\"}","content-type":"text/html; charset=utf-8","correlation-id":"9fafe9bc-b506-404e-927e-2aaf6d017fe7","meso-enriched":"1","meso-is-bot":"0","page-context":"shop","priority":"u=0, i","remoteclientid":"web-gateway","rpath":"/c/fleisch-fisch/","sec-ch-ua":"\"Microsoft Edge\";v=\"123\", \"Not:A-Brand\";v=\"8\", \"Chromium\";v=\"123\"","sec-ch-ua-mobile":"?0","sec-ch-ua-platform":"\"Windows\"","sec-fetch-dest":"document","sec-fetch-mode":"navigate","sec-fetch-site":"none","sec-fetch-user":"?1","server-timing":"intid;desc=2993d88410cb8f4c, intid;desc=2993d88410cb8f4c","traceparent":"00-00000000000000002993d88410cb8f4c-332631dc5f1d806e-01","tracestate":"in=2993d88410cb8f4c;332631dc5f1d806e","true-client-ip":"2001:a61:5107:901:1d6c:b2fa:3a75:8f5d","upgrade-insecure-requests":"1","via":"1.1 google","x-cloud-trace-context":"08b792eb9b1120beca3741e0b6232323/1307915470707942309","x-forwarded-for":"2001:a61:5107:901:1d6c:b2fa:3a75:8f5d, 172.69.151.207, 35.244.216.164, 35.191.12.116, 172.29.116.128, 172.29.116.61","x-forwarded-host":"shop.rewe.de:443","x-forwarded-port":"443","x-forwarded-proto":"https","x-forwarded-r-path":"/c/:categorySlug","x-forwarded-server":"shop.rewe.de","x-forwarded-u-path":"/c/fleisch-fisch/","x-instana-l":"1","x-instana-s":"332631dc5f1d806e","x-instana-t":"2993d88410cb8f4c","x-rd-basket-id":"e551b612-5d06-447a-963b-142d09906f4e","x-rd-bd-c-order-count":"na","x-rd-bd-c-segment":"na","x-rd-browser-id":"820bab25-341b-4442-aec9-a57c3fac3ab0","x-rd-chosen-service":"lieferservice","x-rd-customer-zip":"86156","x-rd-customeruuid":"981a15fb-f1f3-4ee2-adda-89e99b2b7d92","x-rd-market-id":"231011","x-rd-objects-per-page":"40","x-rd-rewe-id":"232100126277598661","x-rd-service-types":"DELIVERY","x-rd-user-consent":"{\"Usercentrics-Consent-Management-Platform\":1,\"Adobe-Launch\":1,\"Adobe-Experience-Cloud-Identity-Service\":1,\"AWIN\":1,\"reCAPTCHA\":1,\"Cloudflare\":1,\"Keycloak\":1,\"gstatic-com\":1,\"JSDelivr\":1,\"jQuery\":1,\"Vimeo\":1,\"Adobe-Analytics\":1,\"Google-Ad-Manager-Basis\":1,\"Funktionale-Cookies-und-Speicher\":1,\"GfK-SENSIC\":1,\"ChannelPilot\":1,\"Adobe-Analytics-erweiterte-Web-Analyse\":1,\"artegic-ELAINE-Software\":1,\"Outbrain\":1,\"RDFA-Technologie-Statistik-\":1,\"Mouseflow\":1,\"Facebook-Pixel\":1,\"Microsoft-Advertising-Remarketing\":1,\"Google-Maps\":1,\"YouTube-Video\":1,\"Google-Ads-Conversion-Tracking\":1,\"Google-Ads-Remarketing\":1,\"Snapchat-Advertising\":1,\"Pinterest-Tags\":1,\"trbo\":1,\"TikTok-Advertising\":1,\"LinkedIn-Ads\":1,\"Taboola\":1,\"DoubleClick-Floodlight\":1,\"Cmmercl-ly\":1,\"Google-Ad-Manager\":1,\"RDFA-Technologie-Marketing-\":1,\"The-Trade-Desk\":1,\"tms\":1,\"necessaryCookies\":1,\"cmpPlatform\":1,\"marketingBilling\":1,\"fraudProtection\":1,\"basicAnalytics\":1,\"marketingOnsite\":1,\"extendedAnalytics\":1,\"serviceMonitoring\":1,\"abTesting\":1,\"conversionOptimization\":1,\"feederAnalytics\":1,\"personalAdsOnsite\":1,\"remarketingOffsite\":1,\"userProfiling\":1,\"sessionMonitoring\":1,\"targetGroup\":1,\"advertisingOnsite\":1}","x-rd-user-intention":"lieferservice","x-rded":"0","x-real-ip":"35.191.12.116","connection":"close"},"statusCode":200,"tracking":{"user":{"consent":{"Usercentrics-Consent-Management-Platform":1,"Adobe-Launch":1,"Adobe-Experience-Cloud-Identity-Service":1,"AWIN":1,"reCAPTCHA":1,"Cloudflare":1,"Keycloak":1,"gstatic-com":1,"JSDelivr":1,"jQuery":1,"Vimeo":1,"Adobe-Analytics":1,"Google-Ad-Manager-Basis":1,"Funktionale-Cookies-und-Speicher":1,"GfK-SENSIC":1,"ChannelPilot":1,"Adobe-Analytics-erweiterte-Web-Analyse":1,"artegic-ELAINE-Software":1,"Outbrain":1,"RDFA-Technologie-Statistik-":1,"Mouseflow":1,"Facebook-Pixel":1,"Microsoft-Advertising-Remarketing":1,"Google-Maps":1,"YouTube-Video":1,"Google-Ads-Conversion-Tracking":1,"Google-Ads-Remarketing":1,"Snapchat-Advertising":1,"Pinterest-Tags":1,"trbo":1,"TikTok-Advertising":1,"LinkedIn-Ads":1,"Taboola":1,"DoubleClick-Floodlight":1,"Cmmercl-ly":1,"Google-Ad-Manager":1,"RDFA-Technologie-Marketing-":1,"The-Trade-Desk":1,"tms":1,"necessaryCookies":1,"cmpPlatform":1,"marketingBilling":1,"fraudProtection":1,"basicAnalytics":1,"marketingOnsite":1,"extendedAnalytics":1,"serviceMonitoring":1,"abTesting":1,"conversionOptimization":1,"feederAnalytics":1,"personalAdsOnsite":1,"remarketingOffsite":1,"userProfiling":1,"sessionMonitoring":1,"targetGroup":1,"advertisingOnsite":1},"customerType":null,"hashedBrowserId":"5b68e0819faaa33f44b2d4e775b637c226977bd536cb958dd619006aec9dd6f0","hashedUUId":"8c7a0cb143ac817b536557c6c537b5953c7df8d3c3478324b123c82359aa6dd2","loginStatus":"logged-in","zip":"86156"},"market":{"marketId":"231011","serviceType":"DELIVERY"},"productlistPageType":"categories","category":"fleisch-fisch","searchTerm":"*","products":["333139","7776274","8523840","135750","8635566","8403429","7937621","1287072","8653611","204042","4277902","7848294","2231617","8731702","141114","206057","8766406","8730859","2909311","7808032","8178294","8969847","7713371","1267719","489049","8254461","7789471","8437260","1424183","8583362","8139443","1402241","7788585","715195","2327516","2167965","2327613","2642247","204051","755656","2927443","2327591","7829813","2722550","7271321","7054479"],"attribute":null,"brand":null}},"__N_SSP":true},"page":"/productList","query":{"categorySlug":"fleisch-fisch","source":"homepage-category"},"buildId":"oAYntvQln4nIoZ1x4JkBR","assetPrefix":"https://shop.rewe-static.de/productlist-renderer/a624aa05490addfbe6445563a587fdab661c08a6","isFallback":false,"gssp":true,"scriptLoader":[]}</script><script src="https://shop.rewe-static.de/productlist-renderer/a624aa05490addfbe6445563a587fdab661c08a6/_next/static/chunks/polyfills-c67a75d1b6f99dc8.js" defer nomodule></script><script src="https://shop.rewe-static.de/productlist-renderer/a624aa05490addfbe6445563a587fdab661c08a6/_next/static/chunks/webpack-6f25eb1c368b15f1.js" defer></script><script src="https://shop.rewe-static.de/productlist-renderer/a624aa05490addfbe6445563a587fdab661c08a6/_next/static/chunks/main-963e07df51c4ce2e.js" defer></script><script src="https://shop.rewe-static.de/productlist-renderer/a624aa05490addfbe6445563a587fdab661c08a6/_next/static/chunks/framework-2d4b08419dd2cacf.js" defer></script><script src="https://shop.rewe-static.de/productlist-renderer/a624aa05490addfbe6445563a587fdab661c08a6/_next/static/chunks/pages/_app-e336c0b8042495e6.js" defer></script><script src="https://shop.rewe-static.de/productlist-renderer/a624aa05490addfbe6445563a587fdab661c08a6/_next/static/chunks/660-b4a1f49169c8bb18.js" defer></script><script src="https://shop.rewe-static.de/productlist-renderer/a624aa05490addfbe6445563a587fdab661c08a6/_next/static/chunks/673-7d440edfd03c9512.js" defer></script><script src="https://shop.rewe-static.de/productlist-renderer/a624aa05490addfbe6445563a587fdab661c08a6/_next/static/chunks/850-c707cbe6a6fbe588.js" defer></script><script src="https://shop.rewe-static.de/productlist-renderer/a624aa05490addfbe6445563a587fdab661c08a6/_next/static/chunks/172-20993396e2b79d1f.js" defer></script><script src="https://shop.rewe-static.de/productlist-renderer/a624aa05490addfbe6445563a587fdab661c08a6/_next/static/chunks/379-d253f0a6c04e129c.js" defer></script><script src="https://shop.rewe-static.de/productlist-renderer/a624aa05490addfbe6445563a587fdab661c08a6/_next/static/chunks/20-4a13752019c8a03f.js" defer></script><script src="https://shop.rewe-static.de/productlist-renderer/a624aa05490addfbe6445563a587fdab661c08a6/_next/static/chunks/200-d89489c8328e4341.js" defer></script><script src="https://shop.rewe-static.de/productlist-renderer/a624aa05490addfbe6445563a587fdab661c08a6/_next/static/chunks/229-51b2cd97db94e934.js" defer></script><script src="https://shop.rewe-static.de/productlist-renderer/a624aa05490addfbe6445563a587fdab661c08a6/_next/static/chunks/pages/productList-f987e90b127f0c73.js" defer></script><script src="https://shop.rewe-static.de/productlist-renderer/a624aa05490addfbe6445563a587fdab661c08a6/_next/static/oAYntvQln4nIoZ1x4JkBR/_buildManifest.js" defer></script><script src="https://shop.rewe-static.de/productlist-renderer/a624aa05490addfbe6445563a587fdab661c08a6/_next/static/oAYntvQln4nIoZ1x4JkBR/_ssgManifest.js" defer></script><script src="https://shop.rewe-static.de/rewe-basket/5689-1-019f177e4/bubble.js"></script><script src="https://shop.rewe-static.de/rewe-myproducts/b0c5748b220aaf8bd2a2aed167bba4ca9b3027d0/js/FavoritesOverlordManager-bundle.js" type="text/javascript"></script><script src="https://shop.rewe-static.de/rewe-footer/7c1489ced4fe85089bb1e89f3477cca8d688ee64/rewe-footer.js" defer></script><script src="https://shop.rewe-static.de/content-linklist/c04ba1c6cf7fb68e70c579507ec4b0249097a6ea/js/main.js"></script><script src="https://shop.rewe-static.de/head/3652b48479c918223a003bc4ff2094d4d9af163f/dist/shop-header-bundle.js"></script><script src="https://shop.rewe-static.de/rewe-basket/5689-1-019f177e4/basketLinkBundle.js" defer></script><script src="https://shop.rewe-static.de/mcfe/assets/prod.c4f562a3e19db8fefe59.js"></script><script src="https://shop.rewe-static.de/mcfe/assets/mobileheaderbutton.69ece9a3050a94f812b3.js"></script><script src="https://shop.rewe-static.de/timeslot-service/2-8274/timeslots-button.js"></script><script src="https://shop.rewe-static.de/timeslot-service/2-8274/timeslots-popup.js" defer="defer"></script><script src="https://shop.rewe-static.de/login-frontend/94150b5a83141f58e1e58f07561b7227699d0e34/assets/js/mobileLoginStatus.min.js"></script><script src="https://shop.rewe-static.de/mcfe/assets/headerbutton.55074bb05ae36e8701dd.js"></script><script src="https://shop.rewe-static.de/login-frontend/94150b5a83141f58e1e58f07561b7227699d0e34/assets/js/desktopLoginStatus.min.js"></script><script src="https://shop.rewe-static.de/mcfe/assets/headerlink.93767cd50d74a583570f.js"></script><script src="https://shop.rewe-static.de/suggestions-renderer/a06ce0e49750e94dfecbe8ea1d80b65961b94056/suggestions-renderer.client.bundle.js" async="true"></script><script src="https://shop.rewe-static.de/rewe-navigation-service/71d52425805146f0ad50acb05dc63d0722428e40/js/navigation/navigation.min.js" type="text/javascript" charset="utf-8"></script><script defer src="https://static.cloudflareinsights.com/beacon.min.js/v84a3a4012de94ce1a686ba8c167c359c1696973893317" integrity="sha512-euoFGowhlaLqXsPWQ48qSkBSCFs3DPRyiwVu3FjR96cMPx+Fr+gpWRhIafcHwqwCqWS42RZhIudOvEI+Ckf6MA==" data-cf-beacon='{"rayId":"874624fcfe819263","version":"2024.3.0","token":"110848fc5a444b9e872bbc01d9a4e048"}' crossorigin="anonymous"></script>
</body></html>